2137 2921
453 189 558 234 DE
614 189 997 236 SOCRATE
1056 189 1272 234 CIVE.
1494 206 1544 244 41

231 315 264 360 3,
294 307 629 362 adduxeruntque
666 306 854 359 Leonta;
896 321 974 362 ego
1007 321 1109 351 vero
1150 309 1315 350 domum
1346 308 1451 349 abii:
1488 311 1551 352 Ac

230 423 263 443 „
292 394 415 436 solam
448 404 618 448 propter
647 394 752 436 hanc
784 393 954 435 caussam
988 393 1095 436 forte
1121 394 1159 434 ἃ
1190 394 1273 446 ipse
1303 394 1353 434 ad
1374 402 1548 435 mortem

227 504 257 529 ,‚
286 478 450 521 fuissem
490 490 652 533 raptus,
691 479 765 519 nifi
804 481 921 520 brevi
957 489 1057 533 post
1087 479 1191 521 istud
1226 490 1447 532 paucorum
1477 480 1551 520 im-

232 594 265 616 „
294 567 453 617 perium
477 564 614 605 fuiffet
637 563 837 605 eversum.
858 564 883 586 ''

282 648 341 689 Et
379 651 470 702 quis
493 680 507 699 ‚
548 649 861 691 animadvertite
882 680 895 700 ‚
938 661 1272 699 AUD1TOREs‚
1305 631 1406 702 'quis
1441 650 1548 689 inter

229 743 401 786 quatuor
432 734 525 776 illos
556 737 736 787 reliquos
760 735 865 786 fuit,
898 737 967 788 qui
1000 737 1208 776 hominem
1239 736 1466 784 insontem,
1502 734 1551 775 ad

224 819 326 873 Jussa
365 818 649 869 Tyrannorum
693 820 814 860 domo
854 820 1104 871 extraemm,
1144 822 1308 874 capitali
1345 819 1545 871 supplicio

224 903 467 948 adfecerunt
489 905 509 945 ’ἐ
550 907 639 957 quis
670 906 720 947 ad
758 904 996 947 servitutem
1028 916 1111 948 tam
1141 907 1296 948 nefarie
1327 908 1545 958 promtus?

225 991 424 1040 Meuius,
455 994 722 1032 Aumrorzsss!
755 1013 796 1021 —
824 992 935 1032 idem
958 993 1029 1032 ille
1046 993 1248 1043 Melitus,
1275 994 1345 1045 qui
1369 992 1546 1032 triennio

226 1076 316 1130 post
340 1076 549 1115 Socratem
579 1076 809 1125 accusavit,
840 1085 1027 1127 tanquam
1057 1079 1127 1128 qui
1157 1077 1448 1118 Democratiae
1474 1080 1546 1116 At-

225 1159 328 1199 ticae
367 1160 555 1199 inimicus
599 1170 644 1199 ae
682 1158 892 1209 juventuti
934 1158 1197 1199 fastidiundae
1238 1160 1345 1198 illius
1390 1159 1544 1201 formae

224 1243 326 1284 effet
348 1243 496 1286 auetor.
537 1267 579 1276 —-
623 1244 762 1297 Atque
783 1244 879 1294 hic,
909 1255 1183 1294 Aumromts,
1215 1243 1265 1286 ad
1287 1245 1429 1286 ultima
1450 1256 1545 1298 pro-

225 1330 492 1383 grediendum
514 1331 633 1371 nobis
653 1329 763 1371 foret
788 1331 963 1372 Socratis
986 1331 1093 1384 fata,
1125 1331 1515 1384 damnationemque
1530 1362 1546 1383 ,

226 1427 370 1468 quarn,
402 1427 494 1457 cum
520 1416 590 1457 sub
621 1416 822 1468 Tyrannis
855 1416 1059 1468 evafifl'et‚
1103 1416 1231 1458 liberii
1257 1418 1407 1458 iterum
1433 1419 1548 1460 Civi-

223 1510 305 1543 tate
328 1514 410 1542 non
432 1502 570 1544 evafit.
629 1501 712 1543 Hic
734 1502 842 1544 larva
861 1504 1002 1555 Anyto
1026 1503 1302 1553 detrahenda,
1332 1524 1374 1534 —
1402 1505 1545 1556 Anyto

224 1586 285 1628 isti
297 1618 310 1638 ,
340 1590 433 1639 qui,
464 1589 559 1630 dum
581 1589 688 1629 inter
706 1588 893 1629 vindices
911 1588 1132 1630 Libertatis
1165 1589 1412 1641 statoresque
1431 1590 1544 1632 resti-

224 1681 335 1713 tutae
357 1673 478 1725 Reip.
510 1674 550 1714 se
571 1685 664 1713 cum
687 1673 941 1724 Thrasybulo
971 1675 1126 1715 censeri
1151 1676 1416 1728 gloriaretur,
1447 1676 1542 1718 Phi-

225 1756 525 1809 losophumque
566 1758 742 1798 nostrum
775 1758 1034 1809 traduceret,
1073 1769 1120 1800 ut
1152 1762 1222 1812 qui
1251 1761 1370 1802 Deos
1400 1773 1545 1805 conte·

226 1851 412 1893 mneret‚
454 1844 696 1896 religionem
718 1874 732 1894 ‚
770 1845 883 1898 leges
905 1877 918 1897 ‚
962 1858 1098 1887 mores
1129 1847 1276 1900 Populi
1311 1848 1433 1888 liberi
1458 1851 1545 1890 irri-

227 1928 375 1978 deret,
418 1928 675 1969 Alcibiadem
710 1929 962 1982 Critiamque
995 1945 1017 1972 a
1050 1932 1091 1973 se
1125 1941 1338 1985 corruptos
1366 1935 1543 1977 Athenis

227 2012 500 2065 imposuiffet‚
543 2015 764 2056 Civitatem
798 2016 974 2069 denique
1011 2020 1243 2071 praeceptis
1277 2020 1314 2059 &
1350 2023 1543 2074 exemplo

228 2100 489 2152 perturbare,
528 2099 793 2153 labefaetare,
831 2111 1019 2144 evertere
1053 2114 1292 2154 conaretur3
1320 2127 1364 2136 —-
1399 2106 1541 2157 Anyto

933 2187 968 2228 F
1456 2192 1540 2241 isti,
