2137 2921
469 230 527 260 114
700 213 1105 256 DISQUISITIO
1146 212 1222 245 DE
1263 211 1592 246 EPISTATIS

470 314 587 348 indietct
612 311 703 343 etiam
726 309 853 349 cauffii,
886 310 1012 350 unaque
1032 309 1275 349 suffragatione,
1294 307 1449 348 judicium
1474 309 1627 341 ferretur:
1651 308 1832 351 Novimus,

471 375 544 398 cum
571 361 687 395 caeteri
714 361 866 402 Prytanes
889 362 982 394 minis
1011 361 1166 395 Callixeni
1190 367 1451 400 caeterorumque
1473 360 1749 400 Demagogorum,
1773 364 1834 393 cla·

472 415 678 454 moribusque
701 413 839 454 Populi,
869 412 1020 446 cessissent
1045 413 1198 453 tandem,
1228 413 1327 445 solum
1351 411 1490 444 restitisse
1517 412 1701 452 Socratem,
1731 421 1834 452 neque

471 474 594 498 tantum
619 464 777 504 restitiss‘e‚
800 464 874 504 sed,
898 474 996 505 quum
1020 462 1176 503 Epistates
1191 464 1265 496 ess'et
1287 463 1317 495 &
1337 463 1509 503 Prytanum
1529 463 1673 503 primus,
1693 463 1835 503 perseve-

474 517 550 549 rass'e
574 518 604 549 in
625 518 767 557 neganda
790 517 1033 558 suffragatione,
1055 516 1146 555 cujus
1171 514 1356 551 ἐπιψηφὶωιως
1382 514 1603 546 concedendae
1618 513 1670 552 ius
1691 515 1773 553 apud
1790 514 1838 547 so·

473 571 539 601 lum
562 577 626 601 erat
654 570 765 600 horum
790 569 1001 601 Proedrornm
1028 565 1224 606 Praefidem,
1254 567 1296 598 ita
1317 567 1445 605 saltem,
1477 574 1513 597 nt
1535 566 1590 596 illo
1617 563 1840 606 diss'cntiente,

478 629 574 660 atque
605 621 683 651 adeo
706 619 767 651 sine
789 621 873 652 illius
895 618 1101 657 auctoritate,
1124 619 1250 650 Concio
1272 620 1310 650 ad
1333 618 1461 650 ferenda
1484 615 1626 656 suffragia
1643 617 1766 649 admitti
1783 628 1838 650 ne-

475 672 630 712 quiverit.
652 689 716 696 -—
738 672 824 712 Quid
840 672 937 711 igitur
958 669 1101 702 fanetum?
1125 670 1261 702 Ceffirne
1279 670 1403 701 tandem
1420 668 1592 701 Socrates?
1616 668 1762 700 minime:
1785 669 1840 701 Ad

478 732 651 756 extremum
673 734 794 764 nsque,
817 724 939 756 summo
957 723 1070 763 capitis
1086 722 1229 763 periculo
1241 745 1252 761 ,
1275 723 1361 754 solus
1377 720 1438 754 vim
1456 720 1604 750 irruentis
1623 720 1839 752 multitudinis

475 776 640 813 sustinuit,
665 774 750 808 solus
769 775 870 807 minas
887 774 1066 806 rabidorum
1087 773 1259 806 Oratorum
1275 770 1462 810 contemsit,
1485 770 1567 802 solus
1585 770 1773 810 impedivit,
1798 780 1839 801 ne

472 827 530 860 isto
553 827 602 859 die
629 826 741 866 injusta
765 827 917 859 sententia
940 826 1215 866 pronunciaretur.
1241 844 1301 850 ·—-
1332 826 1436 866 Quem
1460 823 1556 862 igitur
1576 822 1695 853 exitum
1718 831 1768 852 res
1786 821 1842 853 ha-

476 878 574 911 buit?
597 878 708 910 Verbo
733 879 894 910 dicemus:
917 877 1044 909 Unicus
1063 876 1106 908 est
1121 876 1381 915 Axiochilocus,
1405 875 1533 914 quinos
1550 872 1663 903 doceat
1678 873 1730 909 id,
1753 872 1840 911 quod

476 931 508 963 δι
529 930 618 962 Plato
645 930 675 961 &
702 930 904 969 Xenophon,
935 928 965 960 δε
989 929 1031 959 illi
1061 937 1143 966 quos
1165 929 1264 960 secuti
1288 927 1358 959 sunt
1380 922 1552 964 Aelianus,
1574 924 1722 955 Valerius
1737 924 1842 955 Maxi·

474 990 569 1020 mus,
592 981 770 1018 caeterique
791 979 970 1018 Scriptores
995 979 1213 1018 neglexerunt.
1238 994 1315 1005 —
1353 978 1471 1017 Unus,
1495 977 1623 1014 inquam
1644 974 1708 1013 est,
1732 975 1787 1014 qui
1808 975 1841 1006 id

475 1040 536 1063 nOS
562 1031 675 1063 doceat
699 1029 782 1062 hisce
801 1029 926 1061 verbis:
951 1033 973 1060 οἱ
995 1029 1024 1062 δὲ
1048 1029 1105 1062 a&
1128 1032 1300 1068 &n&p⁴f'nv‚
1324 1031 1368 1066 5592}
1391 1029 1551 1065 Καιλίξειον,
1575 1029 1608 1066 τῇ
1629 1029 1741 1066 ν’ςεμιίᾳ
1758 1026 1845 1065 ngoe‘-

472 1083 532 1124 δςκς
554 1083 702 1118 ἕγκοιθέτκς
726 1080 823 1118 §offla
846 1078 1099 1119 κατεχειροτὸνησῖαν
1123 1084 1144 1110 ²?
1169 1080 1260 1120 ἀνέςῦν
1286 1081 1390 1118 Zizaim
1408 1080 1530 1110 Simiou:
1555 1078 1646 1118 Quae
1665 1078 1761 1109 Verba
1779 1086 1847 1109 tan·

472 1143 540 1167 tum
569 1133 672 1173 abest,
696 1141 731 1165 ut
751 1131 966 1164 auctoritatem
986 1143 1045 1163 non
1067 1132 1225 1172 habeant,
1248 1141 1284 1165 ut
1305 1133 1414 1173 potius
1430 1133 1623 1172 Scriptorem
1639 1129 1778 1169 prodant
1794 1140 1843 1162 re-

478 1197 547 1219 rum
563 1187 741 1219 Atticarum
764 1183 851 1215 istius
870 1184 1022 1223 temporis
1041 1184 1267 1222 peritissimum.
1312 1185 1348 1217 Id
1365 1183 1563 1225 perspicuum
1579 1182 1656 1221 erit,
1679 1182 1846 1222 postquam

480 1238 587 1269 omnia
613 1238 723 1268 ordine
752 1235 808 1267 sno
834 1245 850 1266 a
874 1235 967 1266 nobis
994 1234 1113 1267 fuerint
1136 1236 1275 1275 exposita
1303 1238 1334 1268 ὰ
1356 1237 1517 1268 illustrata.
1540 1250 1624 1259 —
1660 1234 1845 1274 Naufragus

475 1288 683 1322 Athenienses
695 1310 705 1326 ,
730 1286 800 1327 post
815 1287 971 1326 egregiam
989 1286 1026 1317 ad
1042 1287 1213 1327 Arginusas
1230 1288 1389 1320 victoriam
1409 1287 1571 1324 navalem,
1591 1294 1629 1317 ex
1645 1286 1739 1317 undis
1754 1286 1846 1317 tolle·

473 1348 507 1372 re
532 1340 562 1371 ἃ.
586 1339 738 1371 cadavera
763 1338 861 1368 humo
887 1336 1032 1368 mandare
1055 1348 1120 1371 non
1149 1339 1259 1370 siverat
1283 1337 1450 1370 saeviffima
1468 1336 1536 1375 post
1554 1337 1706 1377 praelium
1732 1344 1842 1368 exorta

476 1393 664 1433 tempestas,
687 1387 805 1424 etiamsi
831 1386 907 1418 seria
932 1386 970 1417 de
992 1388 1177 1426 praestando
1203 1390 1265 1421 hoc
1291 1389 1395 1421 officio
1419 1389 1560 1429 legitimo
1582 1387 1713 1419 consilia
1733 1389 1848 1428 agitas-

473 1445 541 1476 sent
565 1445 672 1476 Duces
697 1443 749 1479 ἃ,
774 1439 861 1479 quod
888 1445 1055 1478 poterant,
1081 1441 1159 1473 illud
1182 1442 1399 1480 exequendum
1428 1439 1622 1471 mandassent
1645 1439 1844 1479 praestantis·

473 1495 558 1527 {imis
579 1503 616 1525 ex
634 1493 883 1524 Taxiarchorum
902 1499 1055 1530 nurnero,
1079 1492 1271 1525 Therameni
1287 1501 1322 1523 ac
1340 1490 1541 1530 Thrasybulo
1559 1500 1632 1522 cnm
1652 1491 1744 1521 aliis:
1777 1491 1840 1522 Sed

473 1547 588 1578 horum
619 1552 755 1576 conatus
785 1540 916 1582 (fecisse
941 1543 1022 1574 enim
1050 1545 1131 1575 enim
1160 1552 1315 1582 conatus,
1346 1542 1536 1574 credendum
1567 1542 1634 1583 est)
1669 1542 1841 1582 impedive-

475 1604 546 1629 rant
568 1595 724 1635 turgentis
752 1593 898 1633 aequoris
922 1593 1059 1634 impetus
1088 1596 1250 1635 ventique.
1291 1595 1356 1626 Res
1385 1594 1424 1624 ad
1447 1593 1596 1625 Senatum
1622 1594 1845 1634 Populum-ique

480 1656 545 1680 erat
571 1647 761 1679 referenda:
801 1646 907 1685 Culpa
935 1656 999 1678 non
1026 1646 1218 1678 sublatorum
1248 1645 1473 1683 naufragorum
1497 1644 1528 1675 in
1554 1642 1784 1676 Theramenem
1809 1654 1845 1676 ac

477 1699 710 1739 Thrasybulum
740 1698 857 1737 conjici
879 1705 1025 1738 poterat:
1049 1698 1114 1736 At,
1139 1696 1161 1728 fi
1186 1696 1432 1737 Xenophontem
1460 1695 1616 1726 auctorem
1638 1696 1668 1728 &
1686 1697 1850 1737 Eurypto-

478 1751 553 1782 iemi
582 1751 674 1781 fidem
692 1749 879 1789 sequamur,
900 1746 1080 1790 justissimus
1104 1747 1306 1787 Diomedon,
1329 1747 1362 1779 in
1383 1755 1447 1785 quo
1475 1746 1543 1778 viro
1570 1749 1726 1780 excellens
1752 1748 1847 1779 animi

477 1801 542 1842 pii,
568 1802 659 1841 aequi
679 1802 767 1833 fimul
783 1801 813 1832 δι
830 1801 990 1842 generosi,
1016 1800 1134 1839 fortis,
1158 1799 1350 1837 constantis,
1373 1793 1473 1836 lenis,
1496 1799 1679 1839 injuriarum
1696 1799 1846 1840 patientis

471 1853 628 1891 exemplar
653 1854 825 1893 reperiatur
855 1852 1032 1893 (ἓικσιιοι-ἆνῃ
1059 1866 1088 1882 τε
1116 1853 1159 1888 ’(9οᾷ
1184 1854 1244 1883 viic
1267 1849 1356 1881 ἄλλαις
1386 1852 1491 1889 ἀρεταῖς
1516 1849 1592 1881 δοκόι
1616 1851 1763 1891 διαφέρω,
1797 1851 1844 1883 in.

475 1904 545 1943 quit
571 1905 800 1936 Drononus
824 1905 896 1937 S1c
910 1908 1051 1943 ocus)
1073 1920 1117 1928 -υ
1135 1902 1314 1943 justiffimus
1331 1902 1426 1942 igitur
1446 1901 1649 1942 Diomedon,
1672 1903 1848 1943 &ingenui

475 1955 612 1994 pectoris
627 1955 756 1995 juvenis
777 1957 936 1995 Pericles,
960 1965 977 1987 a
998 1956 1140 1996 Collegis
1157 1955 1344 1994 impetrant,
1368 1961 1403 1984 ut
1419 1975 1430 1991 ‚
1454 1962 1487 1984 re
1503 1952 1684 1993 {impliciter
1703 1955 1846 1993 narraui,

479 2016 516 2037 ac
540 2007 618 2038 nihil
645 2007 772 2047 prorsus
795 2008 827 2039 in
849 2008 1047 2039 Theramene
1069 2018 1105 2040 ac
1127 2006 1327 2046 Thrasybulo
1351 2014 1421 2036 curn
1448 2005 1540 2037 sociis
1559 2006 1845 2045 reprehendentes,

478 2067 571 2089 unam
598 2060 750 2090 rationem
779 2058 876 2090 omissi
903 2058 996 2091 officii
1026 2058 1206 2090 conferrent
1232 2057 1264 2088 in
1289 2056 1501 2096 tempestatem
1524 2056 1689 2096 undasque
1716 2058 1846 2089 horren·

480 2110 555 2141 dum
583 2111 844 2142 intumescentes:
878 2109 961 2149 Sed,
993 2110 1079 2150 quod
1101 2109 1161 2140 viri
1183 2108 1373 2148 integerrimi
1394 2108 1566 2149 suaserant,
1596 2116 1631 2140 ut
1654 2107 1691 2140 id
1703 2109 1790 2150 juris
1811 2109 1846 2139 in

475 2163 610 2195 ¹alterum
626 2161 825 2203 statuerent,
850 2172 909 2203 quo
937 2162 994 2205 ipfi
1011 2163 1061 2195 uti
1083 2161 1216 2201 vellent,
1238 2176 1292 2186 —
1323 2160 1403 2193 illud
1424 2161 1593 2202 aequitatis
1613 2161 1748 2194 studium
1775 2159 1847 2200 (uti

1791 2209 1846 2242 fie-
