2137 2921
483 223 525 256 94
712 207 1120 249 DISQUISITIO
1162 207 1237 240 DE
1279 207 1602 244 EPISTATIS

489 331 517 350 „
540 307 631 340 facile
658 306 863 346 perturbent,
892 311 928 335 ut
951 305 981 336 in
1003 302 1134 345 Ulpiani
1158 303 1356 344 aliorumque
1381 305 1566 339 testimoniis
1589 314 1738 348 apparet,
1768 319 1847 350 quae

490 383 517 400 „
543 358 683 398 superius
700 357 841 389 exhibui.
852 356 873 369 ’²
915 355 1043 397 Quibus
1059 356 1089 386 in
1105 356 1209 387 verbis
1222 356 1281 387 viri
1298 356 1420 388 cordati
1435 357 1519 389 haud
1537 358 1640 390 minus
1652 369 1745 399 quam
1760 362 1845 395 doc'ti

488 410 655 442 candorem
678 408 813 449 agnosco
826 431 836 447 ,
861 407 915 439 nisi
940 407 1026 447 quod
1043 408 1152 446 aliqua
1170 407 1252 439 dicat
1273 407 1418 438 Veterum
1433 409 1626 448 testimonia:
1650 410 1750 444 Immo
1770 423 1844 447 vero

490 462 593 494 omnia
607 484 618 500 ,
641 469 707 491 uno
728 458 991 499 Harpocrationis
1010 458 1084 489 loco
1101 466 1233 498 excepto
1247 480 1257 497 ‚
1282 468 1374 497 quem
1395 460 1597 501 depravatum
1616 463 1678 503 ipse
1697 464 1850 498 intellexit

485 513 659 551 Cui-linum
686 529 719 537 ·-—
751 511 873 549 omnia,
905 510 1053 550 inquam,
1076 511 1221 542 Veterum
1247 510 1442 550 testimonia,
1472 521 1536 543 non
1555 512 1843 548 Grammaticorum

486 572 633 603 tantum,
657 563 707 595 sed
726 561 975 599 Ilistoricorum,
1000 560 1050 592 sed
1066 561 1349 601 Philosophorum,
1373 562 1421 594 sed
1440 563 1631 605 Oratorum,
1656 567 1711 606 qui
1725 567 1849 600 florenti

490 616 576 656 Rep.
602 616 709 647 Attica
735 614 902 652 vixerunt,
926 613 956 644 ἅ
976 612 1006 644 in
1030 613 1142 645 mediis
1161 614 1256 644 vitam
1280 622 1410 653 egerunt
1434 616 1586 655 negotiis.
1609 633 1651 643 -·
1683 617 1849 658 Thucydi-

493 667 564 705 dis,
586 665 829 705 Xenophontis,
853 665 1016 702 Platonis,
1040 664 1207 703 utriusque
1232 665 1430 704 AEschinis,
1452 666 1498 704 (si
1517 667 1665 699 Aeschini
1687 668 1853 702 Socratico

492 718 658 749 Axiochus
685 714 721 746 s1t
745 715 983 754 tribuendus,)
1007 715 1241 747 Demosthenis.
1266 732 1339 738 —-
1362 717 1405 748 Et
1424 724 1526 749 tamen
1547 719 1651 752 fallaci
1674 720 1853 759 praesertim

491 774 697 806 argumento,
719 765 805 805 quod
824 776 861 797 ex
884 768 991 799 addito
1011 766 1115 798 Demo
1138 767 1258 798 nomini
1281 765 1439 806 Epistatae
1455 769 1505 800 vel
1519 769 1646 801 Scribae
1664 771 1751 803 ducit
1769 772 1852 804 Cor-

492 817 599 855 srnus,
630 815 772 856 innisus,
804 817 912 856 illique
942 819 1013 858 plus
1036 819 1179 850 tribuens
1205 827 1298 858 quam
1324 819 1483 851 universae
1506 821 1720 862 Antiquitati,
1751 823 1854 855 CLE-

490 878 608 901 MENS
631 868 816 901 Brncrus
844 878 896 900 eas
920 878 1047 908 quoque
1070 877 1196 909 partes,
1227 880 1306 910 quas
1331 871 1488 911 Epistatae
1511 872 1722 913 Proedrisque
1744 875 1852 916 Pryta-

491 931 567 953 num
586 920 753 959 reliquerat
779 920 882 953 saltem
903 920 1077 959 Corfinus,
1100 921 1161 951 illis
1180 919 1234 951 suo
1253 920 1361 952 adimit
1383 921 1550 963 suffragio,
1573 932 1608 956 ut
1623 934 1736 966 nempe
1752 928 1785 958 in
1801 928 1854 960 Se-

493 977 574 1004 natu·
595 971 815 1011 proponendi,
845 971 1022 1010 referendi,
1052 971 1221 1003 sententias
1244 972 1413 1012 colligendi
1438 973 1538 1007 functi
1564 975 1683 1009 fuerint
1701 986 1850 1019 munere3

493 1022 629 1061 istasque
658 1023 749 1053 etiam
778 1030 883 1063 partes
907 1023 1075 1054 liberaliter
1097 1023 1221 1055 confert
1239 1022 1270 1053 in
1291 1023 1463 1062 Epistatam
1485 1026 1515 1058 ἃ
1533 1026 1690 1060 Proedros
1706 1037 1852 1063 novenos

489 1072 797 1110 non-Contribules,
826 1072 867 1104 fic
890 1080 925 1104 ut
952 1074 1130 1114 Prytanes,
1160 1082 1296 1113 quorum
1323 1075 1407 1114 apud
1430 1075 1608 1116 Scriptores
1626 1078 1757 1110 Atticos
1782 1080 1854 1113 sunt

491 1123 597 1156 onmia
619 1122 649 1153 &
668 1122 699 1153 in
721 1122 840 1154 Senatu
858 1123 888 1155 δι.
906 1125 938 1155 in
958 1124 1125 1156 Concione
1144 1125 1266 1162 officia,
1286 1124 1347 1163 jam
1371 1125 1462 1164 plane
1486 1127 1545 1158 sint
1569 1128 1669 1168 nihil,
1691 1137 1853 1169 vanaeque

493 1172 699 1206 obambulent
717 1174 865 1214 umbrae3
890 1176 1045 1216 Epistates
1066 1185 1170 1209 autem
1188 1176 1218 1208 δε
1238 1175 1368 1207 Proedri
1385 1178 1654 1219 non-Prytanes,
1678 1179 1716 1211 de
1737 1181 1853 1220 quibus

490 1227 545 1259 vix
566 1225 630 1256 ulla
651 1223 707 1254 nisi
733 1225 818 1264 apud
843 1225 1078 1258 Grammaticos
1105 1227 1224 1259 mentio
1250 1226 1443 1266 reperiatur,
1471 1228 1534 1269 Jam
1558 1236 1651 1269 agant
1667 1232 1799 1272 cunfhr,
1822 1233 1854 1266 δε

490 1286 554 1312 tam
576 1275 662 1316 apud
686 1274 890 1318 Quingentos
911 1285 1004 1315 quam
1027 1277 1058 1309 in
1081 1278 1224 1309 comitiis
1251 1277 1368 1318 Populi
1393 1286 1595 1318 proponant,
1624 1282 1781 1323 referant,
1804 1294 1854 1317 re·

488 1328 656 1363 nuncient.
679 1340 747 1351 ·-—
770 1326 836 1356 Suo
857 1325 967 1366 Musei
981 1327 1088 1360 Nam'i
1105 1328 1316 1369 psephismate
1328 1349 1339 1365 ‚
1362 1328 1393 1359 in
1410 1337 1473 1366 quo
1489 1330 1676 1368 explicando
1691 1335 1851 1376 versatur,

489 1381 522 1412 δι
548 1377 652 1411 nescio
673 1385 739 1416 quo
757 1375 819 1406 alio
838 1375 939 1408 fretus
955 1377 1166 1417 Psephismate
1188 1379 1271 1420 apud
1287 1379 1493 1409 FLAvium
1510 1379 1760 1424 Josevnum,
1783 1386 1848 1426 (de

492 1439 558 1471 quo
584 1428 800 1467 similibusque
824 1426 979 1468 suspcerae
1000 1428 1074 1462 fidei
1093 1429 1243 1470 Juda'icae
1260 1430 1527 1470 Psephismatibus
1550 1431 1580 1463 δι
1601 1434 1641 1465 de
1658 1436 1854 1471 Knssnsro

492 1483 578 1515 forte
596 1480 671 1512 alias
695 1478 755 1510 erit
781 1479 1002 1522 dicendum,)
1030 1499 1072 1506 —-
1112 1481 1269 1521 ejusmodi
1297 1480 1395 1521 igitur
1414 1484 1605 1520 argumentis
1629 1484 1702 1516 usus
1726 1485 1854 1528 Biagius

487 1531 553 1573 (de
579 1529 728 1561 Decretis
750 1529 985 1571 Atheniensium
1012 1533 1092 1573 Cap.
1115 1532 1202 1564 XIII.
1225 1533 1257 1572 §.
1279 1533 1356 1573 16.)
1379 1533 1521 1574 colligit,
1551 1536 1577 1553 “
1599 1535 1755 1568 Proedros
1777 1549 1854 1572 non.

492 1606 519 1624 „
543 1580 739 1615 Contrihules
762 1581 952 1614 consuevisse
978 1592 1155 1623 proponere
1178 1590 1245 1615 tum
1271 1586 1305 1616 in
1329 1585 1500 1624 Concione,
1529 1591 1598 1617 tum
1625 1587 1717 1620 etiam
1745 1591 1779 1621 in
1796 1592 1850 1624 Se-

491 1658 518 1677 „
542 1641 642 1671 natu,
665 1639 715 1663 res
732 1633 908 1673 gerendas,
931 1641 1026 1674 atque
1047 1642 1110 1666 tam
1134 1634 1283 1666 Senatum
1307 1644 1399 1675 quam
1414 1635 1568 1675 Populum
1587 1637 1617 1668 in
1633 1637 1779 1680 suffragia
1793 1644 1852 1677 mi.

490 1711 518 1728 „
541 1685 619 1718 slffe.
632 1683 654 1697 ’⁷
667 1699 720 1707 —
741 1682 830 1724 Ergo
852 1684 967 1725 Remp.
984 1686 1046 1726 ipse
1061 1687 1144 1718 suam
1165 1686 1323 1725 ignoravit
1338 1687 1386 1717 vir
1398 1686 1429 1717 in
1441 1687 1524 1728 Rep.
1538 1688 1703 1728 primarius
1718 1692 1852 1734 Nicias,

489 1741 521 1772 in
547 1736 648 1770 nobili
673 1736 725 1767 illa
746 1734 994 1775 prudentiaeque
1018 1737 1191 1777 plenissima
1217 1737 1393 1776 Oratione,
1425 1748 1487 1778 qua
1513 1739 1622 1779 cives,
1652 1741 1690 1772 ad
1712 1741 1850 1778 insanam

487 1788 734 1830 Expeditionem
751 1785 889 1818 Siculam
906 1786 1009 1820 insane
1029 1797 1156 1822 ruentes
1168 1813 1180 1830 ,
1204 1798 1351 1822 revocare
1374 1797 1507 1822 conatus
1521 1814 1532 1829 ‚
1556 1793 1664 1832 (apud
1682 1792 1848 1827 Tuum-o.

487 1844 565 1876 Lib.
583 1840 641 1871 VI.
666 1839 749 1878 Cap.
777 1837 852 1876 14.)
877 1837 950 1870 dum
978 1840 1160 1881 Epistaten,
1190 1841 1245 1882 qui
1268 1840 1417 1872 concioni
1441 1848 1603 1881 praeerat,
1636 1844 1772 1882 graviter
1794 1847 1849 1879 ad-

488 1892 649 1934 loquitur:
674 1891 725 1926 1(αᾷ
747 1888 799 1928 σὺ,
822 1886 842 1918 (3
867 1887 982 1931 Πςιῖτσινι
1007 1891 1162 1933 (inquit)
1185 1897 1295 1932 vavrae,
1320 1890 1417 1932 (εἴπας
1441 1894 1492 1932 έγῇ
1519 1906 1560 1922 σοι
1586 1896 1718 1934 vrgaon'xm
1736 1895 1852 1938 χέὸεῶαῇ

490 1959 519 1976 τι
545 1946 589 1977 τῆς
616 1941 734 1980 xilem,
771 1945 795 1982 ,ς
821 1942 909 1975 βούλει
936 1941 1032 1983 γειέῥζ
1058 1940 1171 1977 πολίτης
1194 1943 1315 1984 ἀγαθὴ)
1346 1945 1524 1984 ἔπιψίφιξε,
1561 1949 1584 1985 »ς
1610 1946 1715 1984 γιηῖμας
1737 1951 1852 1989 πςοτίθκ

493 1996 563 2031 „3014
581 1993 742 2026 Ἀθηναίοις,-
773 2008 816 2018 --
845 1992 1007 2025 manifesto
1030 1993 1150 2025 indicio
1174 1994 1300 2034 ngv‘nm
1325 1995 1439 2033 fuisse,
1468 2003 1561 2036 atque
1587 1999 1664 2031 adeo
1687 2009 1724 2031 ex
1747 1999 1851 2034 Tribu

491 2046 686 2090 πςυἹαιευέσῃ,
707 2052 901 2083 numeroque
917 2043 1124 2076 Proedrorum
1144 2046 1395 2085 Contribulimn,
1411 2046 1570 2086 Epistaten
1584 2048 1693 2089 illum,
1715 2050 1769 2090 qui
1784 2051 1848 2084 istis

492 2098 641 2132 Comitiis
668 2096 807 2135 Atticis,
839 2102 875 2127 ut
898 2095 1033 2127 Senatus
1055 2096 1231 2136 Populique
1256 2097 1427 2136 Princeps,
1459 2098 1665 2138 praesidebat.
1688 2118 1729 2126 —
1762 2102 1852 2143 Ergo

493 2151 640 2184 Socrates
667 2147 871 2188 Socratisque
896 2146 988 2179 amici
1015 2155 1050 2178 ac
1077 2145 1220 2187 discipuli
1240 2147 1421 2190 Xenophon
1445 2147 1476 2180 &
1497 2149 1611 2191 Plato,
1642 2152 1718 2192 quid
1741 2153 1772 2185 in
1792 2154 1851 2186 Pa-

1789 2206 1848 2237 tria
