2137 2921
607 203 691 239 ET
742 200 1345 240 ΑοΝοΤΑΤιοΝΕε.
1607 217 1648 252 91

293 305 443 349 y‘udicans
466 310 511 337 tot
531 301 574 342 &⁵
591 308 655 334 tam
678 301 754 333 bene
779 302 903 333 meritos
925 312 963 333 ex
984 301 1121 344 indigna*
1140 302 1244 344 cauffii
1264 299 1380 345 impetn}
1399 302 1538 337 invidiae
1561 305 1649 338 abri-

285 361 346 403 pi,
368 357 541 390 temeritati
565 352 779 386 multitudinis
803 351 1002 391 constantiam
1018 352 1110 392 suam
1129 353 1263 394 objecit,
1286 357 1479 399 maximoque
1494 359 1648 391 concionis

288 409 420 451 fragore
440 406 484 446 &⁹
506 404 724 445 incitatiffimis
750 405 843 434 minis
865 402 1034 443 compttlfiaes
1055 414 1114 435 non
1136 405 1196 446 est,
1218 413 1253 437 ut
1269 406 1303 446 fi’
1316 407 1464 446 publicae
1477 408 1648 443 dementiae

292 461 444 492 auctorem
471 457 675 498 adscriberet.
720 455 815 499 ,ρμαε
833 455 964 496 oppositu
990 456 1058 496 ejus
1073 456 1221 495 legitima*
1238 457 1377 498 graffizri
1397 460 1449 490 via⁴
1462 461 1646 502 prohibita,

296 509 410 552 injusto
433 508 619 540 Praetorum
644 517 752 539 cruore
780 517 888 537 manus
933 517 988 537 uas
1014 509 1226 538 contaminare
1241 508 1464 547 perseverarit.
1513 511 1584 545 Nec
1606 516 1652 546 ti.

291 562 370 593 muit
390 560 553 599 Socrates,
576 571 613 592 ne
631 559 841 595 consternatae
865 559 1000 590 Patriae
1022 558 1200 589 undecimus
1214 557 1310 597 sutor
1330 570 1408 592 mors
1428 563 1518 603 ipst'us
1541 565 1649 604 exzste-

292 618 353 643 ret.
378 627 459 636 ——
489 610 579 650 Quae
601 611 775 651 postrema,
810 618 900 649 quam
924 609 984 640 levi
1009 619 1079 640 cum
1105 609 1181 640 cura
1200 607 1364 641 Historiam
1391 613 1574 646 leftitaverit
1595 623 1648 647 aut

295 663 349 694 sua
377 661 450 693 inde
480 661 620 700 exempla
645 661 846 701 depromserit
873 659 1041 698 Valerius,
1072 659 1233 691 manifesto
1261 662 1413 700 produnt.
1466 665 1582 696 Vorstii
1609 667 1649 697 ad

292 713 380 746 illum
402 713 508 744 locum
531 721 666 743 errorem
690 712 780 743 novis
802 710 961 742 erroribus
984 710 1156 742 cumulavit
1181 709 1369 745 TorreniuS.
1400 732 1482 738 —-—-
1520 716 1646 749 Factum

294 765 461 805 sanequam
487 762 675 795 notiffimum
699 763 763 802 est,
802 771 868 793 tum
904 771 941 792 ex
971 761 1051 792 locis
1084 770 1166 800 quos
1199 762 1289 802 supra
1311 764 1545 806 adscripsimus,
1578 775 1647 801 tum

289 816 467 857 praesertim
485 824 523 846 ex
537 815 857 846 Xenopuomms
875 812 1047 843 Hellenicis
1063 812 1138 843 Lib.
1156 813 1185 844 Ι.
1203 823 1276 853 pag.
1296 816 1367 846 262.
1389 817 1438 855 36.
1463 817 1513 848 ed.
1532 818 1646 859 Steph-

289 877 382 908 quam
413 866 651 897 Hellenicorum
678 870 796 902 partem
834 864 945 894 merito
979 863 1060 894 inter
1085 863 1223 906 Eclogas
1244 865 1320 904 snas
1351 865 1522 902 Hister-icas
1547 878 1648 908 nuper

287 917 395 949 retulit
421 915 475 948 Cl.
505 915 679 947 DANiEL
714 914 1046 946 WYTTENBACH.
1086 913 1206 945 Merito
1233 914 1324 946 etiam
1349 915 1423 954 ille,
1460 918 1498 950 de
1520 920 1645 952 Socrate

286 967 436 1009 Epistatd
461 975 577 1007 agens,
602 966 837 1003 animadvertit,
865 966 913 995 ita
934 964 1049 1006 diserte
1075 966 1229 1006 appellari
1250 975 1270 996 a
1292 965 1489 1008 Xenophonte
1514 972 1548 1002 in
1570 971 1647 1003 Me·

286 1017 509 1055 morabilibu53
532 1017 624 1059 idque
645 1016 832 1052 tenendum,
856 1026 910 1047 nec
934 1026 1013 1048 mero
1038 1018 1171 1048 aliorum
1193 1016 1324 1047 locorum
1338 1016 1460 1057 silentio
1477 1021 1646 1062 repudian-

287 1067 375 1100 dum.
420 1067 573 1099 Adsentio
602 1067 716 1107 pariter
742 1065 914 1105 scribenti,
951 1070 977 1086 “
1001 1075 1103 1099 totum
1128 1068 1211 1098 hunc
1237 1067 1391 1100 Historiae
1420 1071 1526 1103 locum
1551 1073 1646 1104 vehe-

289 1142 317 1160 ‚‚
341 1126 462 1151 menter
486 1118 639 1150 adversari
664 1127 771 1149 eorum
802 1118 991 1157 sententiae,
1015 1118 1069 1157 qui
1089 1118 1244 1150 Proedros
1260 1119 1436 1151 Concionis
1452 1121 1607 1154 Praesides
1627 1132 1644 1154 a

291 1195 319 1212 „
342 1169 532 1211 Prytanibus
564 1169 699 1201 Senatus
721 1169 914 1200 Praesidibus
945 1168 1082 1199 diversos
1104 1168 1163 1200 effe
1185 1170 1341 1202 volunt.'’
1377 1171 1439 1203 Seu
1461 1171 1563 1204 dicere
1583 1182 1648 1204 ma-

286 1223 383 1256 limus
405 1221 504 1261 (quia
524 1219 579 1252 ista
605 1218 754 1250 sententia
777 1228 847 1251 vera
870 1217 930 1250 esse
952 1217 1053 1258 potest
1068 1239 1079 1255 ‚
1106 1218 1197 1251 salvis
1220 1221 1260 1251 iis
1292 1231 1371 1261 quae
1394 1231 1411 1252 a
1433 1222 1645 1262 Xenophonte

283 1273 402 1312 scripta
423 1270 670 1311 reperiuntur,)
692 1285 735 1294 —-
756 1270 828 1308 seu,
853 1271 1000 1309 inquam,
1022 1268 1130 1308 potius
1147 1270 1309 1311 dicamus,
1332 1273 1419 1304 illum
1435 1274 1542 1304 locum
1555 1281 1647 1305 ever-

285 1330 352 1357 tere
374 1323 556 1355 sententiam
583 1329 691 1352 eorum
708 1342 719 1358 ‚
750 1320 805 1360 qui
825 1321 877 1362 jus
902 1321 1047 1353 mittendi
1074 1319 1226 1359 populum
1255 1321 1287 1353 in
1309 1322 1451 1365 suffragia
1477 1323 1596 1365 semper
1615 1324 1646 1356 δε

287 1382 443 1418 perpetuo
461 1372 551 1405 fuiffe
575 1371 747 1403 existimant
770 1373 853 1411 apud
879 1371 1046 1413 Epistatam
1065 1370 1095 1402 &
1111 1370 1183 1401 osto
1201 1371 1377 1414 Proedros,
1401 1377 1456 1416 qui
1478 1385 1515 1407 ex
1530 1384 1646 1408 novem

287 1426 455 1459 Tribubus
479 1423 658 1463 Prytaniam
687 1432 751 1455 non
775 1423 968 1455 obeuntibus
993 1423 1031 1454 ad
1054 1430 1148 1453 unam
1172 1422 1255 1455 illam
1287 1427 1473 1459 concionem
1497 1427 1646 1466 legeban-

288 1485 367 1516 tur,
398 1485 463 1508 non
486 1483 583 1515 penes
608 1473 779 1514 Epistatam
805 1480 899 1513 atque
928 1483 1041 1505 novem
1064 1472 1221 1505 Proedros
1240 1497 1251 1513 ‚
1282 1477 1360 1516 qui,
1393 1487 1430 1510 ex
1454 1477 1644 1518 Prytanibus

288 1529 376 1562 ducti
390 1550 402 1567 ,
425 1537 481 1569 per
501 1526 647 1566 septenos
675 1524 741 1555 dies
761 1523 888 1555 Senatui
905 1523 1160 1565 Quingentorutn
1183 1535 1365 1568 praeerant,
1387 1527 1506 1568 ipsique
1519 1527 1644 1567 Populo

285 1581 319 1613 in
346 1579 532 1612 concionem
553 1582 730 1609 convocato
753 1573 979 1614 praesidebant.
1023 1572 1102 1604 Rem
1116 1596 1128 1612 ,
1160 1583 1253 1614 quam
1276 1577 1340 1610 duo
1361 1579 1449 1618 Itali,
1479 1578 1517 1610 de
1534 1577 1644 1611 Rebus

285 1631 407 1665 Atticis
439 1629 562 1670 egregie
594 1626 785 1668 promeriti,
818 1625 1062 1657 EDUARDUS
1093 1625 1318 1660 CoRsmus
1358 1630 1388 1662 ὅτ.
1427 1629 1643 1661 CLEMENS

285 1683 490 1721 Blassius,
520 1689 585 1712 non
608 1678 715 1710 multis
747 1677 860 1710 abhinc
881 1675 970 1706 annis
989 1675 1082 1714 primi
1098 1676 1297 1717 docuerunt,
1323 1687 1357 1711 ut
1373 1685 1488 1712 certam
1506 1678 1644 1712 &indu-

287 1733 438 1771 bitatam‚
461 1731 545 1763 haud
559 1730 681 1763 levibus
698 1736 800 1760 tamen
813 1725 1048 1758 difficultatibus
1064 1727 1231 1768 dubiisque
1246 1730 1427 1770 implicitam
1438 1753 1450 1770 ,
1471 1739 1553 1770 nos,
1568 1741 1643 1772 pro.

285 1783 420 1814 babilem
445 1781 654 1821 conjecturam
670 1779 784 1817 secuti,
806 1779 901 1818 paulo
918 1777 1136 1810 dilucidiorem
1160 1780 1324 1813 reddidisse
1340 1781 1422 1813 forte
1436 1782 1638 1823 videbimur,

284 1832 307 1864 st
333 1831 514 1872 opinionem
540 1831 696 1871 nostram,
727 1839 819 1870 quam
845 1827 1015 1860 breviffime
1041 1830 1229 1871 expositam,
1267 1842 1327 1871 eo,
1359 1841 1452 1872 quem
1483 1831 1639 1866 Lectioni-

287 1884 342 1916 bus
365 1882 477 1914 nostris
510 1883 630 1916 Atticis
656 1880 929 1924 praescripfimus‚
969 1880 1087 1922 modo,
1120 1880 1297 1924 speciminis
1327 1882 1441 1925 instar,
1480 1884 1638 1918 hocloco

285 1933 520 1968 confirmemus.

905 2032 1019 2073 &RQ

1030 2184 1067 2217 M
1089 2196 1107 2217 α
1555 2187 1641 2220 Uts—
