2137 2921
498 204 600 248 DE
659 205 1036 250 socaA'rE
1092 208 1300 252 civE.
1502 221 1553 265 42

239 324 326 374 vit,
367 323 439 375 qui
476 334 682 378 nunquam
721 325 933 367 violaffet:
975 327 1251 380 Depingenda
1279 328 1554 380 vividiffimis,

237 410 386 464 quibus
408 408 588 462 poffem,
620 413 825 452 coloribus
846 413 1027 463 morituri
1046 413 1207 464 jamjam
1229 414 1403 455 Socratis
1424 417 1555 469 imago

239 497 280 538 &
300 495 352 538 ad
382 498 594 538 meliorem
620 498 747 538 vitam
774 498 974 549 migratio.
1004 519 1045 528 -—
1073 499 1230 539 Verum
1259 511 1393 551 neque
1430 502 1555 542 bene·

240 580 423 623 volentia
437 612 450 632 ,
481 595 600 634 quam
622 584 664 622 in
684 593 748 622 me
768 581 969 623 audiendo
992 582 1264 635 praestitist15‚
1302 585 1552 630 abutendum

239 667 321 718 est,
361 678 495 718 neque
528 668 719 708 solemnis
750 668 817 708 hic
840 668 925 709 dies
946 670 1188 719 emorruaH,
1230 678 1275 710 ut
1307 669 1363 711 ita
1397 670 1557 722 dicam,

240 751 426 805 cuprefl'o
446 752 723 794 funestandus.

293 836 438 889 Itaque
462 851 515 878 en
536 839 680 887 vobis,
702 849 1015 879 AUDITORES
1045 850 1458 889 ΗυΜΑΝιε-ειΜι,
1490 840 1561 878 Ci-

241 923 306 964 vis
335 932 434 964 vere
463 925 588 973 boni,
619 935 718 964 vere
749 922 893 974 fortis,
923 936 1022 965 vere
1054 924 1270 977 sapientis,
1300 937 1398 966 vere
1420 925 1560 975 utilis,

241 1009 285 1050 in
320 1010 485 1051 Socrate
517 1009 742 1061 depictam,
773 1019 841 1051 aut
875 1023 949 1062 pro
980 1012 1137 1051 viribus
1163 1012 1265 1051 meis
1288 1011 1560 1053 adumbratam

240 1095 407 1146 potius,
457 1095 699 1147 imaginem:
743 1094 898 1145 Neque
927 1094 1145 1146 quidquam
1179 1095 1386 1146 superest,
1416 1095 1488 1136 nisi
1515 1105 1563 1136 ut

242 1177 324 1218 istis
364 1177 630 1229 respondeam
664 1187 895 1230 temporum
929 1177 1154 1217 nostrorum
1187 1179 1560 1231 vituperatoribus,

240 1262 312 1316 qui
333 1263 455 1316 longe
484 1274 531 1304 ea
552 1261 684 1303 abeffe
710 1265 757 1304 ab
778 1265 1034 1315 antiquorum
1056 1261 1124 1302 ilia
1144 1262 1311 1304 Virtute
1332 1263 1460 1305 Civili
1481 1265 1522 1307 &
1542 1277 1565 1308 a

240 1348 499 1402 perfeetione
521 1351 764 1402 exemplaris
780 1350 976 1391 Socratici
997 1358 1235 1400 queruntur.
1266 1373 1310 1382 -
1338 1349 1561 1401 Vidimus,

242 1434 444 1485 vidimus,
483 1448 830 1487 AUDlTOREs,
868 1447 1001 1487 nuper
1043 1434 1155 1475 hisce
1188 1437 1318 1476 oculis
1355 1436 1564 1489 vidimus,

242 1530 352 1563 nunc
388 1520 586 1562 deflemus
615 1523 655 1563 &
675 1523 748 1563 diu
777 1522 1047 1570 deflebimus,
1077 1521 1120 1563 in
1143 1535 1225 1575 quo
1243 1523 1398 1576 juvene
1423 1524 1566 1566 etiam-

244 1617 343 1646 num
370 1605 538 1658 eadem,
571 1620 672 1660 quae
709 1609 752 1649 in
780 1609 872 1649 viro
905 1609 986 1648 hoc
1016 1608 1259 1659 immortali,
1289 1610 1444 1651 Patriae
1479 1617 1566 1651 erat

246 1692 414 1740 caritas,
445 1691 554 1732 idem
577 1693 806 1735 moderatae
831 1693 1051 1735 Libertatis
1086 1705 1219 1744 amor,
1251 1694 1362 1734 idem
1382 1696 1423 1736 in
1440 1696 1568 1737 malos

247 1777 362 1817 cives
384 1775 559 1817 odiuma
579 1790 705 1830 pravo
725 1788 861 1820 tamen
881 1779 1054 1832 partium
1075 1777 1205 1819 studio
1226 1780 1404 1821 alienum
1418 1811 1431 1832 ,
1454 1781 1567 1822 idern

248 1874 332 1904 non
362 1859 519 1903 fucatae
552 1863 770 1916 sapientiae
803 1867 962 1915 cultus,
996 1876 1090 1906 cum
1109 1866 1306 1906 comitate
1327 1865 1568 1919 conjuntstus

251 1948 417 2000 ingenui
445 1948 620 2000 pe&oris
643 1950 819 2002 candor,
851 1963 943 1991 cum
961 1950 1213 1992 verecundia
1246 1954 1440 2005 gravitas,
1475 1964 1569 1994 cum

253 2033 501 2075 humanitate
536 2035 778 2088 constantia,
822 2049 914 2077 cum
944 2037 1138 2079 suavitate
1169 2038 1386 2092 generosae
1422 2039 1570 2080 indolis

253 2120 400 2170 robur,
423 2131 515 2161 cum
535 2122 675 2175 igneae
697 2124 846 2165 mentis
869 2126 1054 2166 acumine
1077 2124 1272 2166 modestia
1282 2155 1295 2176 ,
1318 2134 1403 2165 tum
1424 2124 1571 2178 sagaci-

960 2210 992 2250 F
1022 2222 1046 2251 2
1486 2218 1569 2259 tas,
