2137 2921
484 201 543 252 1178
836 203 1483 246 ORATIO·

497 326 712 368 Platonem
737 320 944 361 auctorem
968 320 1244 362 vehementer
1267 321 1512 376 sequentis)
1546 323 1577 346 ‘⁶
1597 333 1754 367 tantum
1784 328 1827 369 in

501 442 534 465 ‚‚
565 412 673 461 Rep.
694 406 1036 449 contendendum
1064 407 1171 458 effe,
1204 418 1400 460 quantum
1425 411 1598 462 probare
1625 413 1704 453 tuis
1724 415 1827 455 eivi-

504 528 534 549 ‚‚
565 498 640 536 bus
663 496 781 548 possis
797 525 809 545 ‚
839 496 925 534 vini
960 507 1094 546 neque
1114 496 1301 546 parenti,
1331 508 1467 548 neque
1493 497 1646 538 Patriae
1671 499 1832 541 adferre

504 613 536 634 „
566 593 760 636 oportere
787 612 800 632 ,
829 603 870 611 -
900 581 951 621 de
974 582 1168 630 Platone,
1201 583 1364 634 inquam
1387 613 1399 632 ‚
1442 583 1626 634 constat,
1668 597 1761 625 cum
1791 587 1827 626 is

508 699 540 720 ‚,
571 670 626 711 ita
650 669 848 717 sentiret,
878 668 982 709 hanc
1017 668 1139 709 etiam
1171 669 1231 707 illi
1267 668 1436 711 caussam
1468 669 1586 711 fuisse
1611 684 1694 712 non
1715 674 1834 713 attin-

507 787 540 808 „
572 754 728 809 gendae
761 755 883 806 Reip.
907 755 1019 807 quod
1043 784 1056 804 ‚
1096 767 1190 794 cum
1219 755 1453 796 offendifi'et
1476 757 1679 809 Populum
1705 761 1835 800 Athe-

507 873 538 895 „
569 841 753 882 niensem
786 853 916 893 prope
947 840 1028 892 jam
1065 841 1333 894 desipientem
1365 843 1575 884 senectute
1601 875 1613 895 ‚
1657 857 1835 898 cumque

506 957 539 981 ‚‚
571 940 665 969 eum
687 939 764 968 nec
786 927 1069 979 persuadendo
1091 959 1103 979 ,
1143 940 1220 969 nec
1253 930 1443 983 cogendo
1468 932 1553 985 regi
1576 931 1688 984 posse
1711 933 1838 973 vidis-

513 1046 544 1068 „
575 1014 636 1056 set
660 1045 674 1065 ‚
715 1026 810 1055 cum
840 1015 1073 1066 persuaderi
1114 1014 1228 1068 posse
1261 1016 1463 1057 diffideret
1484 1047 1497 1067 ‚
1538 1020 1632 1072 cogi
1666 1018 1727 1060 fas
1756 1019 1837 1060 effe

506 1133 538 1155 ,,
571 1113 656 1142 non
678 1101 948 1141 arbitraretur.
962 1101 990 1116 ''
1027 1101 1109 1141 Sed
1127 1102 1231 1140 nihil
1251 1105 1513 1155 praeceptori
1535 1105 1607 1145 suo
1631 1104 1840 1147 adfinxiffe

508 1188 725 1229 Platonem
746 1216 759 1235 ‚
802 1186 917 1237 quod
949 1187 998 1226 ab
1029 1186 1118 1236 ejus
1149 1185 1322 1238 person&
1344 1197 1411 1228 aut
1437 1189 1639 1232 sententia
1660 1193 1839 1234 alienum

511 1273 639 1315 fuerit
659 1302 673 1324 ,
704 1271 812 1313 haud
837 1272 992 1312 incertzi
1017 1270 1099 1312 fide
1125 1273 1352 1326 probatur3
1383 1287 1461 1316 nec
1496 1276 1699 1319 dubitabit
1731 1281 1842 1333 quis-

509 1372 633 1413 quam
653 1389 666 1410 ‚
705 1357 735 1398 fi
766 1357 1086 1399 consideraverit
1107 1390 1121 1410 ‚
1163 1371 1264 1412 quae
1298 1360 1424 1401 fuerit
1446 1392 1459 1412 ,
1498 1363 1700 1415 postrema
1727 1379 1843 1417 prae-

511 1443 652 1486 sertim
683 1453 815 1486 aetate
848 1446 1057 1496 Socratis,
1100 1446 1208 1498 Reip
1250 1448 1418 1489 Atticae
1439 1450 1640 1491 conditio.
1699 1453 1845 1495 Paucis⁴

513 1531 624 1572 illam
657 1533 695 1573 &
717 1544 817 1584 quae
841 1532 905 1572 his
931 1532 1228 1573 eisdem-annis
1250 1563 1262 1582 ‚
1304 1534 1347 1574 id
1377 1533 1435 1574 est
1455 1565 1467 1585 ,
1510 1535 1704 1590 flagrante
1729 1541 1842 1581 bello

514 1619 863 1672 Peloponnesiaco
886 1650 903 1669 ,,
951 1619 1163 1660 civitatem
1203 1619 1430 1673 presserunt
1470 1623 1601 1674 mala,
1652 1625 1845 1680 depinga-

520 1717 646 1745 mus:
690 1704 757 1745 Ex
788 1705 868 1746 illis
901 1706 1056 1758 quippe
1090 1717 1191 1757 quae
1225 1719 1348 1758 porro
1390 1708 1564 1749 dicenda
1600 1709 1691 1751 sunt
1715 1743 1729 1764 ,
1769 1714 1850 1755 cla-

517 1793 599 1833 rius
631 1792 873 1833 elucebunt.

578 1877 731 1929 Remp.
763 1878 965 1928 Atticam,
996 1877 1215 1920 discordiis
1244 1879 1409 1930 fessam,
1442 1892 1566 1931 quum
1599 1882 1849 1925 constituen-

526 1966 618 2007 dam
639 1962 862 2016 aecepiffet
885 1965 1034 2014 Solon,
1066 1976 1147 2006 tam
1171 1966 1396 2017 prudenter
1420 1968 1660 2018 popularem
1684 1972 1848 2023 regimi-

522 2052 586 2093 nis
622 2048 795 2091 formam
818 2060 1118 2104 temperaverat
1140 2082 1153 2102 ,
1183 2061 1254 2103 ut,
1285 2051 1472 2104 oppress&
1505 2054 1722 2107 praecipu&
1752 2060 1846 2101 mali

523 2139 615 2180 labe
635 2167 649 2189 ,
681 2135 805 2178 nimia
833 2139 1091 2192 optimatium
1121 2137 1359 2181 audoritate
1382 2170 1399 2191 ,,
1429 2140 1531 2183 esset
1564 2153 1701 2185 tamen
1729 2145 1768 2186 &
1797 2149 1847 2188 ab

1793 2233 1851 2274 21-
