2137 2921
496 213 552 255 16
837 211 1478 273 ORATblo

501 361 534 383 „
564 329 715 372 testes:
758 329 879 371 Anne
911 341 1009 384 ergo
1036 332 1219 384 putatis,
1262 344 1329 373 me
1365 332 1416 374 ad
1453 344 1541 374 eam
1573 333 1828 388 septuaginta

501 447 532 468 ,‚
562 429 759 458 annorum
800 427 976 458 aetatem
1014 416 1133 459 fuiffe
1169 428 1492 471 perventurum,
1523 421 1553 461 fi
1584 423 1733 472 Remp.
1763 433 1828 462 ca-

503 535 534 555 „
564 503 829 557 peffiviffem‚
859 514 980 556 atque
1018 506 1061 545 in
1094 503 1140 545 efi
1157 505 1467 547 administranda
1487 507 1540 547 fic
1561 506 1721 548 fuissem
1742 519 1835 547 ver-

507 621 536 641 „
568 590 696 642 satus,
741 591 1084 643 quemadmodum
1123 593 1215 633 viro
1255 595 1368 634 bono
1408 593 1575 647 dignum
1606 593 1690 644 est,
1731 593 1830 645 juris

498 680 537 727 ”,,
569 679 607 718 &
637 679 756 729 aequi
789 677 1007 728 defensor,
1035 690 1247 731 unumque
1278 681 1320 720 id
1354 681 1561 732 officium,
1589 682 1652 721 uti
1680 680 1829 730 decet,

507 793 537 814 ,‚
570 763 728 804 cunc‘tis
773 765 859 806 aliis
895 766 1126 806 commodis
1165 766 1417 819 praeferens.
1479 767 1666 807 Multum
1697 766 1830 817 abest,

509 881 540 901 ,‚
570 853 620 890 o!
647 852 920 892 Athenienses
936 883 948 902 ‚
971 863 1017 892 ut
1041 853 1194 894 tamdiu
1217 852 1522 906 superfuissem:
1556 852 1711 905 Neque
1731 855 1830 894 alius

511 967 539 988 ‚,
569 939 783 991 quisquam
811 941 1050 990 hominum,
1083 942 1137 981 ita
1166 940 1205 981 se
1243 954 1387 995 gerens
1421 942 1459 982 &
1492 942 1671 994 publicis
1696 940 1737 981 se
1760 941 1832 981 im-

514 1053 545 1075 „
576 1025 750 1065 miscens
772 1028 977 1078 negotiis,
1010 1028 1140 1066 salvus
1163 1026 1345 1068 evasisset
1363 1027 1403 1068 '‘.

569 1110 658 1151 En!
682 1112 830 1162 vobis,
854 1113 969 1152 AUD
986 1124 1149 1152 1TORE
1164 1125 1205 1161 s,
1243 1124 1344 1162 quae
1364 1113 1497 1153 virum
1517 1112 1841 1164 sapientissimum

513 1209 535 1237 a
568 1196 832 1249 procurandis
870 1198 1050 1238 civitatis
1084 1198 1265 1251 negotiis
1297 1197 1543 1240 absterrebat
1577 1200 1692 1240 ratio.
1752 1199 1836 1253 Qui

517 1284 560 1323 in
587 1281 660 1333 ea,
694 1295 794 1335 quae
816 1291 902 1323 tum
923 1293 1008 1325 erat
1033 1285 1234 1334 Athenis,
1264 1285 1323 1324 rei
1352 1286 1487 1326 civilis
1508 1284 1662 1336 forma,
1692 1287 1840 1339 populi

517 1381 677 1419 mores,
728 1382 876 1422 pravos
918 1371 1050 1410 multo
1088 1371 1214 1424 magis
1254 1384 1372 1423 quam
1408 1373 1566 1422 bonos,
1614 1371 1721 1412 ferre
1756 1384 1842 1413 non

517 1455 682 1510 posset,
714 1457 773 1496 illi
804 1458 949 1508 procul
979 1459 1027 1498 ab
1060 1457 1131 1498 istzi
1166 1458 1347 1499 claritate
1381 1459 1421 1499 &
1452 1458 1721 1511 amplitudine
1756 1467 1841 1500 erat

516 1543 758 1585 vivendum.
789 1565 865 1575 --
913 1545 980 1585 De
1020 1546 1130 1597 Rep.
1172 1544 1455 1586 constituenda
1498 1546 1594 1587 alibi
1622 1545 1840 1597 differens,

471 1612 474 1615 ’
522 1631 711 1672 Socrates
740 1630 1014 1683 Philosophos
1047 1630 1229 1673 adfirmat
1252 1632 1360 1673 haud
1381 1632 1524 1683 injuria
1543 1633 1689 1672 civiles
1712 1633 1840 1674 undas

528 1717 835 1759 exhorrescere.
897 1720 928 1741 ‘⁶
959 1716 1153 1768 Etenim,
1192 1719 1355 1770 inquit,
1386 1719 1620 1771 quicunque
1661 1719 1845 1761 dulcedi-

523 1833 555 1855 „
587 1815 682 1843 nem
717 1804 827 1843 vitae
860 1804 969 1844 illius
1001 1817 1100 1845 vere
1132 1806 1274 1846 beatae
1305 1806 1347 1845 in
1377 1804 1510 1845 studio
1533 1805 1752 1858 sapientiae
1772 1807 1843 1847 vel

525 1920 557 1941 ,‚
587 1902 802 1943 parumper
823 1890 1066 1944 gustaverit,
1091 1892 1129 1933 &
1149 1891 1422 1932 multitudinis
1441 1891 1696 1944 perspexerit
1709 1905 1846 1933 amen-

530 2008 560 2027 „
592 1977 714 2026 tiam3
743 1998 786 2007 —
836 1978 905 2029 qui
948 1987 1144 2030 expertus
1191 1978 1266 2029 fit,
1314 1979 1510 2018 neminen
1548 1980 1849 2031 propemodum

528 2094 559 2115 >a
594 2063 674 2104 sani
706 2063 804 2115 quid
840 2064 882 2103 in
916 2064 1223 2106 administranda
1254 2065 1423 2105 civitate
1453 2065 1679 2117 praestare,
1712 2079 1846 2118 neque

529 2180 561 2202 :a
592 2149 725 2194 adesse
746 2150 819 2191 fibi
842 2151 965 2193 ullum
985 2151 1165 2203 socium,
1197 2164 1280 2205 quo
1308 2151 1491 2204 adjutore
1512 2151 1687 2205 justitiae
1712 2154 1848 2205 opitu-

1731 2270 1762 2290 „
1794 2240 1848 2281 la-
