2137 2921
480 214 540 249 116
713 210 1119 254 DISQUISITIO
1159 212 1234 245 DE
1277 212 1604 249 EPISTA'TIS

479 310 585 353 pnffim
608 308 732 348 veste5‚
758 308 904 341 detonsae
926 309 965 341 ad
983 315 1088 341 cutem
1110 317 1240 348 comae,
1262 310 1456 350 prodeuntes
1477 320 1549 343 cum
1570 306 1716 353 laci-§mis
1738 312 1769 345 ὀῑ
1787 323 1840 354 ge-

480 362 559 392 mitu
583 360 620 390 ad
641 359 810 391 Phratoras
833 360 905 392 suos
928 362 1039 402 pullati
1059 363 1163 392 cives:
1189 360 1304 399 Neque
1327 361 1388 393 hoc
1413 362 1502 394 satis:
1525 363 1629 395 Pretio
1649 364 1678 395 δι
1693 366 1841 404 precibus

479 411 672 443 conducitur
696 410 877 443 Callixenus
901 413 1038 448 Orator,
1062 419 1098 441 ex
1116 411 1170 441 illo
1196 410 1358 442 hominum
1376 421 1508 452 genere,
1533 414 1648 453 quibus
1665 425 1768 447 rerum
1785 427 1842 447 na-

477 471 576 501 tura,
601 472 661 493 uon
679 470 814 501 parens,
839 462 899 502 sed
922 472 1070 499 noverca,
1095 460 1452 501 (QUINCTILIANI
1478 465 1583 497 verbis
1613 468 1710 506 utor)
1733 467 1841 507 facul-

477 522 574 547 tatem
604 512 757 551 dicendi,
784 513 896 552 sociam
913 513 1065 552 scelerum
1082 535 1093 552 ,
1122 513 1281 553 adversam
1310 515 1524 555 innocentiae,
1554 515 1661 554 hostem
1679 520 1843 558 veritatis,

478 564 594 597 dedisse
618 563 775 597 videatur.
822 564 884 596 Hic
903 564 1039 596 dicendo
1063 565 1096 597 in
1121 565 1238 596 Senatu
1261 564 1433 605 Ducesque
1458 566 1633 600 accusando
1653 569 1843 602 Consultum

477 617 517 647 ab
541 626 579 648 eo
608 617 775 656 impetrat,
797 623 856 654 ut,
880 616 966 647 nulla
992 617 1127 655 amplius
1151 617 1212 647 reis
1232 615 1376 648 concessa
1398 616 1596 658 defensione,
1620 619 1717 652 Cives
1741 624 1780 652 ad
1796 621 1844 653 fe-

476 669 574 700 renda
595 668 627 700 in
646 667 787 707 geminas
806 675 900 697 urnas
918 666 1059 698 tributim
1075 665 1219 706 suffragia
1241 669 1431 699 citarentur:
1466 668 1499 701 Si
1516 670 1619 701 officio
1640 670 1744 702 minus
1761 671 1843 703 recte

478 720 578 751 funeri
601 719 711 759 majori
735 716 952 757 suffragiorum
980 726 1113 749 numero
1135 717 1373 758 judicarentur,
1397 726 1498 750 morte
1525 721 1754 761 plecterentur,
1782 732 1843 763 pu-

476 771 670 804 blicarentur
694 770 792 802 bona.
833 767 925 806 lmo,
955 777 994 799 ne
1020 767 1096 806 quid
1125 770 1227 810 turpis
1258 770 1375 802 deesset
1405 770 1530 804 artificii
1556 772 1572 812 (
1581 774 1689 811 quales
1711 772 1840 805 fraudes

478 822 509 853 &
530 820 657 853 insidiae
684 820 768 852 haud
795 817 935 851 insolitae
955 819 1026 851 sunt
1050 818 1098 850 isti
1114 819 1277 853 hominurn
1300 822 1425 861 generi,
1449 823 1566 862 quibus
1590 832 1653 855 non
1669 824 1757 856 firma
1773 832 1844 858 tan-

474 879 569 911 tum,
599 872 650 903 sed
674 871 761 904 nulla
785 870 899 910 etiam,
929 870 1020 902 frons
1040 871 1072 901 in
1102 871 1195 904 rebus
1220 873 1367 905 civilibus
1390 874 1546 904 laudanda
1570 875 1722 915 videtur)
1752 883 1841 915 erat,

481 925 537 963 qui
562 922 591 953 se
616 923 703 954 dolio
731 921 940 959 insidentem,
969 921 1071 953 farina
1096 924 1191 962 pleno
1207 946 1218 962 ‚
1248 933 1286 954 ex
1308 924 1402 954 undis
1428 924 1561 956 enataffe
1585 925 1616 957 δι
1642 936 1659 957 a
1680 927 1843 968 naufragis

482 974 630 1007 mandata
653 973 810 1005 vindictae
834 970 1006 1011 accepisse,
1030 972 1230 1014 impudenter
1254 974 1292 1005 ad
1307 974 1464 1005 credulam
1483 976 1716 1009 multitudinem
1732 980 1844 1012 menti-

478 1033 581 1059 retur·
625 1024 710 1062 Sed,
735 1032 828 1062 quam
853 1023 975 1062 perdita
998 1024 1090 1056 etiam
1109 1024 1146 1056 fit
1166 1025 1195 1056 &
1216 1024 1321 1056 insana
1342 1026 1505 1058 hominum
1525 1027 1701 1068 colluvies,
1725 1036 1759 1060 ut
1777 1038 1842 1062 me-

474 1079 545 1110 dios
567 1084 671 1108 tamen
696 1075 777 1107 inter
798 1074 940 1106 furentes
957 1075 1043 1106 cives
1065 1075 1115 1106 vel
1139 1082 1221 1106 unus
1246 1076 1352 1108 saltem
1378 1085 1431 1108 aut
1454 1079 1531 1110 alter
1555 1078 1630 1110 adfit
1645 1082 1767 1119 generis
1784 1082 1842 1113 hu-

477 1128 561 1161 mani
587 1127 618 1159 ἀ
639 1126 774 1166 justitiae
800 1126 946 1165 Vindex,
977 1127 1057 1158 velle
1081 1127 1169 1167 saepe
1197 1127 1324 1160 videtur
1346 1128 1475 1161 Numen
1506 1129 1707 1169 supremum:
1740 1132 1841 1165 Erant

475 1181 619 1218 idcirco,
655 1178 710 1217 qui
731 1177 929 1209 Callixennm
954 1177 1139 1209 violatarum
1161 1177 1284 1219 Legum
1310 1181 1342 1212 in
1369 1181 1508 1221 roganda
1529 1180 1755 1223 scribendaque
1774 1185 1842 1216 Au-

477 1231 620 1263 &oritate
653 1230 790 1261 Senatus
823 1229 1038 1269 postularent,
1072 1237 1139 1261 tum
1173 1232 1258 1269 quod
1285 1234 1347 1263 reis
1372 1233 1454 1272 (qui
1483 1232 1556 1272 ipfis
1580 1243 1644 1266 non
1668 1236 1841 1275 negabatur

473 1281 644 1314 homici.¹is
670 1280 700 1310 ἀ
726 1280 910 1320 sacrilegis)
943 1291 1067 1313 ornnem
1090 1291 1149 1321 pro
1170 1282 1199 1314 se
1225 1282 1350 1313 dicendi
1373 1283 1478 1314 locum
1500 1284 1742 1324 interclusisset,
1770 1292 1838 1317 tum

474 1332 562 1371 quod
590 1331 715 1363 Canoni
744 1332 924 1371 Psephisma
945 1331 1126 1371 sprevisset,
1158 1344 1195 1365 ex
1223 1333 1315 1373 cujus
1345 1334 1535 1373 praescripto
1563 1335 1602 1366 de
1623 1345 1688 1368 uno
1716 1344 1839 1370 tantum

473 1392 529 1414 reo
554 1384 616 1414 una
640 1382 862 1421 suffragatione
886 1389 1010 1423 poterat
1036 1383 1174 1417 decerni.
1219 1385 1469 1424 Euryptolemus
1488 1387 1513 1417 is
1531 1391 1617 1425 erat,
1643 1386 1673 1417 δι
1690 1390 1835 1422 nonnulli

476 1434 526 1464 alii
548 1444 563 1464 e
589 1434 733 1473 populo,
756 1434 837 1464 inter
864 1443 945 1473 quos
970 1434 998 1464 ἃ
1021 1435 1201 1468 Axiochum
1226 1436 1315 1468 fuisse
1347 1437 1569 1469 existimamus.
1615 1437 1675 1468 Sed
1701 1440 1778 1478 qnid
1800 1440 1839 1471 ad

475 1484 604 1514 rabidos
629 1484 658 1514 ἅ
678 1483 825 1515 efferatos
848 1483 918 1515 sana
945 1494 1033 1516 mens
1051 1486 1080 1517 δε
1099 1487 1203 1519 ratio?
1229 1488 1383 1528 Lyciscus
1406 1489 1640 1530 intempestivos
1658 1490 1749 1521 hosce
1772 1501 1839 1522 mo-

472 1536 593 1567 nitores
617 1536 749 1572 eodem,
773 1544 838 1574 quo
863 1536 993 1574 Duces,
1012 1537 1135 1576 judicio
1161 1540 1355 1570 damnandos
1372 1539 1496 1576 clamat.
1539 1539 1692 1580 Prytanes
1711 1549 1841 1583 tamen,

473 1587 502 1619 se
525 1587 681 1626 Populum
709 1594 819 1617 contra
843 1587 961 1626 Legem
981 1588 1031 1626 (i.
1057 1597 1086 1618 e.
1110 1588 1228 1619 violato
1254 1589 1379 1620 Canoni
1403 1587 1642 1631 psephismate)
1673 1593 1704 1624 in
1730 1593 1837 1626 suffra-

474 1639 524 1678 gia
549 1637 712 1676 missuros,
737 1644 874 1676 negant:
899 1640 968 1678 At,
992 1649 1089 1678 quum
1115 1638 1248 1669 Senatus
1271 1638 1358 1677 ipse,
1384 1640 1475 1679 cujus
1498 1641 1542 1672 illi
1565 1642 1717 1675 decimam
1742 1646 1837 1677 facie-

472 1690 549 1721 bant
571 1697 714 1728 pertem,
738 1689 903 1728 injustitiae
931 1692 1093 1730 popularis
1120 1699 1182 1721 ncn
1205 1689 1333 1720 consors
1357 1690 1455 1722 solum
1483 1691 1557 1724 esset
1580 1692 1631 1724 sed
1651 1694 1680 1726 δι
1706 1697 1837 1737 ametor,

473 1740 558 1771 unde
577 1738 657 1770 nisce
670 1740 1036 1781 Quinquaginta-virm,
1060 1740 1199 1772 Decem-
1212 1740 1286 1771 viris
1308 1740 1433 1779 saltem,
1453 1742 1498 1783 (fi
1514 1753 1569 1783 per
1584 1747 1720 1785 Πρυτάνεις
1739 1747 1834 1781 Proe-

473 1792 547 1823 dros
577 1790 784 1822 Contribules
809 1794 871 1820 aar·
894 1793 983 1830 {gain
1006 1792 1243 1832 intelligamus)
1276 1798 1396 1823 tanturn
1420 1791 1481 1824 fuit
1503 1796 1689 1836 aequitatis,
1712 1805 1834 1831 tamum

470 1842 604 1884 justitiae
634 1841 767 1873 studium
781 1863 792 1880 ,
814 1850 848 1874 ut
868 1852 976 1875 contra
1004 1843 1098 1883 ipsius
1118 1843 1253 1874 Senmns
1275 1844 1469 1875 voluntatem
1489 1845 1687 1880 niterentur?
1709 1866 1752 1872 —
1780 1851 1834 1883 Ab

474 1903 538 1924 uno
568 1894 723 1932 Socrate,
746 1903 762 1924 a
786 1894 856 1926 viro
880 1894 1041 1935 justissirno
1066 1893 1096 1925 ἃ
1116 1893 1347 1933 sapientissimo.
1370 1913 1410 1920 —
1431 1897 1467 1928 ld
1488 1896 1605 1929 scilicet
1621 1897 1765 1939 persaepe
1782 1910 1836 1933 va-

472 1945 514 1975 let
540 1944 633 1974 unius
656 1944 717 1975 viri
745 1945 916 1977 constantia
941 1956 976 1977 ac
1000 1946 1122 1983 virtus,
1156 1954 1190 1977 ut
1212 1947 1338 1986 plures,
1370 1946 1443 1977 dum
1470 1948 1565 1978 ruodo
1589 1957 1629 1979 ne
1652 1948 1711 1981 sint
1731 1953 1834 1990 perdi-

474 1994 576 2027 tissimi
593 1995 621 2026 ἃ,
645 1994 881 2034 sceleratiflimi,
905 1996 935 2028 in
954 1997 1026 2036 ipsis
1042 1996 1196 2026 refraenet
1215 1996 1406 2027 nefariorum
1427 1997 1627 2029 consiliorum
1648 2000 1833 2043 principiis,

475 2057 511 2079 :ic
536 2048 586 2078 vel
609 2047 729 2078 ratione
761 2047 908 2086 reprimat
934 2049 983 2078 vel
1003 2047 1124 2087 pudore
1140 2045 1311 2078 suffundat.
1355 2047 1610 2081 Sceleratiffimus
1634 2059 1736 2084 autern
1764 2062 1830 2086 erat

472 2097 678 2136 Callixenus;
703 2097 850 2138 ipsosque
866 2098 944 2129 adeo
956 2097 1105 2137 l'rytanes
1122 2098 1292 2137 accusans,
1314 2098 1512 2131 Concionem
1534 2101 1644 2132 iterum
1661 2101 1833 2135 inflamma-

471 2149 517 2182 vit
542 2149 765 2190 incenditque,
797 2145 962 2183 incondito
987 2149 1122 2181 clamore
1145 2149 1347 2190 poscentem,
1370 2158 1405 2183 ut
1429 2151 1495 2192 illi,
1526 2153 1578 2193 qui
1602 2163 1618 2186 e
1639 2153 1832 2195 Prytanibus

1778 2216 1836 2239 m·
