2137 2921
569 199 624 238 28
913 192 1556 236 ORATIO

620 311 789 362 Nemo,
819 311 1010 364 inquam,
1038 311 1181 363 maj0ri
1204 311 1501 353 benevolentia
1521 314 1637 355 cives
1654 315 1899 368 complexus

563 400 643 442 est:
676 400 876 454 Quamvis
897 401 1008 440 enim
1027 401 1129 442 tales
1150 398 1304 451 essent,
1336 401 1476 452 quales
1496 400 1618 454 ipsius
1638 404 1778 444 verbis
1799 413 1894 445 ante

566 486 877 539 descripsimus3
906 509 982 517 —-
1024 489 1209 539 quamvis
1247 486 1553 529 infelicissimam
1588 488 1779 530 crederet
1810 489 1898 541 ejus

565 574 877 625 conditionem,
909 575 978 626 qui
1010 575 1161 626 Remp.
1195 586 1340 627 gerens
1372 575 1421 615 ad
1446 575 1662 615 libidinem
1687 575 1807 627 hujils
1826 587 1903 629 po·

563 663 652 716 puli
675 662 869 711 viveret,
897 672 1006 701 nunc
1040 660 1243 712 plausibus
1277 662 1469 702 incitatus
1490 693 1502 714 ,
1534 675 1645 703 nunc
1676 663 1799 703 sibilis
1829 674 1901 704 ex-

563 758 710 802 ceptus
730 761 748 797 ς,
783 761 892 790 nunc
925 747 975 789 ad
1003 746 1193 788 mumam
1231 748 1466 800 damnatus,
1511 749 1561 791 ad
1596 748 1790 800 exilium,
1832 757 1902 790 aut

561 845 765 888 mortem,
796 848 905 877 nunc
930 844 1147 876 revocatus
1173 844 1242 877 aut
1269 836 1459 887 lacrymis
1491 835 1693 884 defleta-53
1722 856 1764 865 -
1793 836 1898 876 civi-

562 924 639 965 bus
673 933 810 964 tamen
842 923 921 963 suis
956 921 1154 963 divinitus
1184 923 1224 962 se
1261 922 1399 964 datum
1431 921 1712 973 existimabat,
1753 931 1801 963 ut
1826 933 1900 963 eos

562 1011 758 1051 meliores
789 1009 982 1050 redderet
1013 1009 1052 1048 δι
1086 1009 1136 1050 ad
1167 1008 1404 1059 sapientiam
1435 1011 1682 1049 hortaretur.
1737 1011 1768 1036 ‘⁶
1797 1008 1900 1049 Non

563 1127 596 1148 „
627 1097 729 1138 mihi
761 1105 841 1137 tam
872 1093 1113 1135 defensione
1142 1106 1246 1145 opus
1276 1093 1334 1133 est
1353 1116 1396 1127 --
1425 1093 1572 1145 (apud
1598 1094 1899 1134 PLATONEM

559 1213 597 1236 ,‚
626 1183 681 1224 sie
702 1182 884 1234 loquitur
907 1181 950 1220 in
977 1178 1213 1234 Apologici)
1242 1200 1286 1209 —
1314 1191 1397 1220 non
1424 1181 1526 1220 mihi
1553 1190 1633 1222 tam
1657 1178 1898 1223 defensione

565 1301 598 1322 ‚.‚
628 1282 732 1323 opus
753 1268 836 1319 est,
857 1270 905 1309 o!
927 1268 1227 1318 Athenienses,
1242 1279 1360 1319 quam
1373 1269 1494 1308 vobis
1515 1268 1608 1321 ipsis
1622 1299 1634 1318 ,
1657 1268 1787 1309 simei
1800 1281 1898 1310 con.-

564 1389 595 1411 ,‚
626 1357 887 1398 demnatione
899 1354 1070 1396 Numen
1084 1354 1302 1395 offendatis
1316 1385 1328 1405 ‚
1342 1355 1496 1396 donum
1509 1354 1769 1407 abjicientes,
1784 1355 1897 1407 quod

565 1476 597 1497 ,‚
627 1444 713 1498 ipse
727 1444 845 1485 Deus
857 1443 977 1484 vobis
1003 1442 1187 1483 dederit:
1221 1441 1333 1483 Nam
1346 1442 1489 1492 ‚fime
1512 1442 1899 1492 occideritis‚haud

563 1563 597 1584 „
625 1531 745 1572 facile
770 1532 894 1572 alium
917 1531 1002 1570 mei
1021 1530 1193 1570 similem
1212 1530 1446 1581 reperietis.
1475 1529 1657 1583 Ingenue
1681 1529 1799 1579 dico,
1824 1529 1897 1570 etsi

566 1650 601 1671 2,
629 1619 825 1659 ridiculus
845 1617 1015 1664 videor,
1032 1630 1116 1657 non
1137 1618 1259 1657 alium
1279 1618 1495 1669 reperietis
1514 1647 1526 1667 ‚
1542 1628 1665 1669 quem
1691 1617 1802 1656 Deus
1823 1628 1895 1657 ve·

566 1736 600 1756 „
625 1704 725 1745 strae
749 1705 906 1745 civitati
929 1704 1316 1753 adliibuerit,velut
1337 1715 1444 1756 equo
1469 1703 1629 1743 cuidam
1650 1702 1748 1742 forti
1771 1703 1811 1743 ὃς
1829 1714 1898 1755 ge.

563 1823 594 1844 ,,
624 1791 770 1833 neroso
785 1822 796 1842 ‚
823 1791 894 1832 sed
917 1792 1012 1843 qui,
1035 1788 1120 1843 ipsa}
1141 1792 1214 1831 hae
1239 1791 1364 1830 animi
1383 1791 1479 1830 dote
1495 1820 1508 1840 ,
1526 1789 1653 1830 freno:
1669 1790 1800 1828 minus
1821 1790 1895 1829 ob-

566 1911 599 1932 „
630 1890 830 1932 temperat
843 1878 884 1918 ὅτ,
898 1877 1059 1919 necesse
1073 1880 1212 1929 habet,
1224 1888 1270 1918 ut
1283 1878 1503 1918 calcaribus
1517 1876 1733 1928 aliquando
1757 1875 1895 1916 stimu—

566 1996 596 2018 „
627 1968 746 2006 letur.
780 1965 919 2017 Itaque
945 1978 1032 2006 non
1051 1964 1159 2006 cess'o
1182 1974 1315 2005 totum
1343 1963 1453 2004 diem
1472 1974 1805 2015 unumquemque
1820 1975 1893 2004 ve-

565 2085 601 2106 „
627 2052 748 2095 striim
773 2054 977 2104 excitare,
999 2065 1192 2103 monere,
1215 2054 1426 2104 increpare
1451 2053 1600 2101 etiam,
1620 2050 1648 2090 fi
1672 2062 1775 2103 opus
1790 2049 1891 2090 fit.’'

648 2141 759 2183 inter
791 2142 905 2182 cives
935 2152 1039 2183 vero
1069 2141 1234 2182 Atticos
1251 2171 1264 2192 ,
1295 2152 1398 2194 quos
1422 2139 1599 2181 Socratis
1620 2150 1721 2180 cura.
1737 2138 1774 2179 &
1798 2148 1894 2191 pro·-

1831 2237 1897 2266 vi-
