2137 2921
599 194 684 230 ET
737 194 1337 232 ADNOTATIONES.
1601 212 1643 247 59

285 299 380 327 tatem
405 301 511 334 regere
537 292 721 335 judicumve
749 294 852 326 officio
881 293 971 334 fungi
998 293 1036 324 ad
1059 294 1183 325 lucrum
1208 303 1244 326 ac
1269 296 1415 335 praedam
1443 305 1632 342 revocaret,

282 346 382 378 fracta
405 345 435 377 &
454 347 637 385 proculcata
662 347 797 378 Senatus
822 345 1039 385 Areopagitici
1064 346 1268 387 minoritate,
1291 349 1422 382 exclusis
1446 353 1635 391 repudiatis-

282 407 344 438 que
366 397 495 437 optimis
517 397 662 437 civibus,
687 406 723 428 ac
747 398 844 429 libera
864 397 998 437 denique
1018 398 1194 438 Republica
1216 399 1248 430 in
1272 398 1509 441 Tyrannidem,
1531 412 1636 443 popu-

276 451 376 481 iarem
398 448 555 488 prImum,
579 449 800 488 oligarchicam
828 447 996 488 deinceps,
1019 448 1180 482 conversa.
1211 468 1252 475 —
1283 450 1390 491 Quum
1415 452 1632 486 imminentem

277 500 399 531 ruinam
426 510 464 532 ex
487 500 634 541 populari
656 500 708 531 illa
729 498 882 537 amentia,
908 508 970 537 qua
996 500 1095 540 Resp.
1123 501 1268 540 quotidie
1290 501 1388 541 magis
1411 505 1574 544 magisque
1598 506 1632 538 in

277 560 429 592 praeceps
453 551 630 591 ferebatur,
670 551 795 583 civibus
824 549 865 581 ob
891 551 1004 581 oculos
1038 559 1169 591 poneret
1201 550 1379 590 Isocrates,
1410 554 1633 596 pristinamque

278 601 375 642 Reip.
397 601 531 633 formam
551 611 622 632 cum
645 600 796 641 praesenti
821 608 1037 640 compararet,
1069 603 1095 620 “
1119 602 1173 641 qui
1200 600 1253 632 ista
1281 601 1430 638 majorum
1451 606 1627 641 nostrorum

280 673 307 691 „
329 658 428 682 aetate
451 651 606 691 (inquit)
635 652 716 683 hanc
737 651 989 683 administrabant
1010 652 1270 694 Rempublicam,
1290 653 1383 683 talem
1400 655 1628 691 constituerunt

277 725 304 743 ,‚
328 702 464 734 civitatis
485 703 640 740 formam,
665 713 744 743 quae
761 713 825 735 uon
847 706 968 736 nomine
988 706 1120 737 maxime
1146 704 1289 746 populari
1308 702 1338 735 δι
1354 704 1501 737 leniffimo
1520 710 1628 748 appel-

275 776 302 794 „
324 755 459 794 latetur,
481 754 549 797 fiofis
561 763 635 786 vero
646 753 743 794 faftis
763 754 888 786 minime
907 756 978 787 talis
1000 757 1156 788 videretur
1178 757 1236 795 iis,
1261 756 1378 794 quibus
1393 756 1468 788 ess'et
1483 768 1555 790 cum
1577 760 1628 791 illa

276 828 304 845 „
328 806 511 846 negotium3
535 815 636 844 neque
655 807 697 836 ita
719 806 763 837 ilii
786 807 871 838 cives
898 806 1110 837 informabant
1130 807 1224 845 suos,
1247 807 1330 837 utin
1353 805 1632 841 effiaeuatalicen·

276 878 304 896 ,‚
326 857 369 887 tia
394 855 557 888 consistere
580 856 832 895 Democratiam‚
856 857 888 888 in
906 864 1070 888 contemtu
1085 858 1189 896 legum
1210 858 1423 897 Libertatem,
1446 859 1477 890 in
1500 861 1630 894 audacia

274 929 302 949 „
324 908 451 949 quidvis
474 907 599 938 dicendi
626 917 759 947 acquum
785 907 837 947 jus
862 907 999 946 civium,
1025 907 1055 938 in
1073 907 1193 947 integra
1214 909 1320 939 talium
1341 909 1517 942 facinorum
1532 912 1632 945 sacul-

274 983 300 1001 ,‚
324 967 388 992 tate
409 959 495 991 fitam
519 959 700 990 felicitatem
722 965 886 999 putarent:
911 959 973 990 Sed
994 959 1031 990 iis
1051 960 1130 991 ratio
1152 959 1247 998 Reip.
1265 966 1330 990 erat
1347 960 1522 1001 ejusmodi,
1546 973 1625 1002 quae

273 1033 300 1051 ,‚
323 1011 409 1043 istius
434 1011 551 1042 indolis
573 1011 716 1042 homines
740 1009 815 1041 odio
837 1009 1014 1050 debitisque
1035 1011 1147 1050 poenis
1168 1010 1431 1050 prosequeretur,
1455 1022 1629 1053 omnesque

275 1084 302 1102 „
324 1063 356 1094 in
373 1062 553 1094 universum
573 1062 658 1093 cives
677 1061 707 1092 ἀ,-
727 1060 871 1091 meliores
889 1062 1032 1092 redderet
1048 1061 1078 1091 δι
1092 1061 1338 1093 moderatiores:
1363 1065 1472 1102 Atque
1490 1065 1528 1095 ad
1549 1067 1630 1099 bene

274 1136 303 1154 „
325 1112 530 1145 ordinandam
553 1113 787 1153 regundamque
804 1112 960 1144 civitatem
982 1111 1055 1142 illos
1075 1112 1136 1143 hoc
1155 1112 1287 1142 maxime
1305 1112 1493 1152 adjuvabat,
1516 1117 1627 1156 quod,

270 1185 298 1204 ,‚
322 1173 420 1203 quum
454 1172 571 1195 DUAE
607 1171 954 1201 AEQUALITATES
990 1162 1065 1201 (seu
1097 1162 1211 1202 duplex
1247 1165 1452 1202 aequalitatis
1479 1165 1626 1207 species)

268 1238 297 1255 9,
320 1215 532 1246 existimentur
555 1214 634 1253 effe,
658 1222 789 1253 quarum
808 1222 869 1243 una
885 1213 1025 1244 omnibus
1040 1212 1120 1244 idem
1129 1215 1227 1253 plane
1242 1214 1386 1252 tribuat,
1409 1216 1504 1246 altera
1515 1216 1627 1259 singu.

272 1288 300 1307 „
322 1268 361 1298 lis
385 1265 421 1297 id
438 1265 579 1306 confhrat
600 1276 658 1307 quo
679 1264 772 1307 digni
790 1263 872 1304 sint,
904 1264 1043 1306 quodque
1070 1275 1118 1297 eos
1139 1264 1268 1304 deceat,
1297 1273 1361 1295 non
1382 1264 1625 1305 ignoraverunt,

244 1323 294 1358 ³„
315 1325 386 1350 utra
411 1317 520 1349 harum
543 1317 618 1350 effet
643 1317 777 1349 utilior:
808 1314 895 1346 Illam
924 1316 1040 1355 quippe
1066 1325 1146 1355 quae
1170 1316 1254 1347 cives
1279 1316 1382 1348 bonos
1411 1315 1622 1358 honestosque

267 1390 296 1409 „
318 1378 390 1400 cum
417 1370 506 1401 malis
531 1375 666 1408 aequat,
691 1367 721 1399 ὅς
742 1375 894 1406 utrosque
921 1365 1031 1398 iisdem
1060 1367 1237 1399 honoribus
1263 1373 1376 1405 ornat,
1400 1366 1481 1398 hanc
1510 1376 1624 1407 aequa.

266 1443 294 1460 ,‚
316 1421 456 1459 litatem,
487 1428 523 1452 ut
547 1420 711 1461 injustam,
735 1419 974 1459 improbarunt,
998 1419 1124 1449 alteram
1148 1426 1242 1456 vero,
1266 1427 1345 1456 quae
1364 1427 1623 1460 unumquemque

265 1494 293 1512 ‚,
315 1479 370 1504 aut
391 1482 449 1513 pro
474 1473 627 1513 dignitate
654 1472 788 1503 honorat
815 1477 867 1501 aut
888 1479 945 1509 pro
970 1470 1088 1501 meritis
1113 1469 1261 1508 castigat,
1288 1487 1329 1495 —
1365 1471 1445 1501 hanc
1465 1468 1522 1500 fibi
1549 1479 1624 1509 pro-

261 1546 288 1565 ,‚
311 1524 409 1565 priam
435 1524 621 1563 elegerunt:
658 1522 827 1562 Hujusque
857 1522 934 1553 adeo
965 1531 1003 1553 ex
1030 1521 1206 1561 praeceptis
1235 1521 1394 1553 civitatem
1423 1520 1620 1554 administra-

263 1596 293 1615 „
315 1575 415 1613 bant,
444 1585 509 1607 non
535 1584 574 1606 ex
595 1574 742 1605 omnibus
767 1573 942 1614 promiscue
967 1574 1090 1605 civibus
1117 1571 1197 1603 sorte
1217 1573 1369 1604 ducentes
1395 1573 1532 1605 summos
1559 1583 1625 1607 ma-

262 1647 291 1666 „
313 1625 478 1665 gistratus,
500 1626 552 1658 sed
571 1626 692 1665 iudicio
717 1625 772 1656 suo
800 1625 837 1656 ad
860 1626 1110 1665 unumquoique
1136 1631 1250 1654 munus
1279 1623 1419 1661 optimos
1441 1623 1619 1662 praeferen-

263 1698 292 1715 „
315 1682 362 1706 tes
376 1675 406 1707 &
427 1676 559 1707 maxime
576 1676 723 1708 idoneos:
748 1675 903 1715 Reliquos
920 1677 1001 1707 enim
1021 1676 1105 1706 cives
1122 1674 1198 1704 tales
1218 1671 1277 1703 effe
1294 1672 1477 1713 sperabant,
1503 1676 1614 1714 quales

261 1749 289 1766 3,
311 1726 434 1767 forent,
459 1728 513 1766 qui
535 1727 671 1758 summae
687 1736 790 1758 rerum
809 1725 1023 1765 praeeff-entss’
1046 1743 1108 1748 --
1141 1725 1238 1756 Paulo
1253 1723 1344 1763 post,
1368 1724 1521 1757 rationem
1547 1727 1617 1759 red-

262 1777 339 1809 dens
357 1801 368 1817 ,
401 1789 457 1811 cur
486 1779 586 1819 prisco
615 1779 669 1810 illo
693 1788 771 1809 aevo
801 1778 929 1817 publica
948 1787 1077 1809 munera
1099 1777 1204 1808 minus
1228 1782 1470 1815 appeterentur,
1493 1786 1552 1808 nec
1567 1777 1616 1810 in-

262 1829 399 1860 vidiosae
425 1831 463 1862 de
485 1831 547 1861 illis
573 1831 731 1862 orirentur
757 1828 997 1866 contentiones,
1027 1830 1059 1867 '⁶‘
1082 1828 1112 1859 id
1135 1826 1206 1858 inde
1229 1826 1325 1858 fiebat
1351 1826 1504 1867 (inquit)
1528 1828 1616 1867 quod

262 1901 289 1918 ‚,
311 1889 405 1919 opere
431 1880 581 1912 faciundo
605 1880 635 1911 ἃ*
661 1880 853 1920 parcimonia
882 1879 924 1909 rei
950 1878 1134 1910 domesticae
1158 1887 1263 1909 curam
1290 1883 1458 1916 gererent,
1490 1888 1614 1920 neque,

263 1952 291 1969 „
312 1930 357 1962 sui
378 1931 570 1970 negligentes
596 1930 732 1970 negotii,
757 1930 864 1960 alienis
886 1929 1001 1969 op³bus
1024 1929 1200 1966 inhiarent,
1230 1936 1332 1966 neque
1357 1937 1395 1957 ex
1419 1928 1524 1961 reditu
1550 1939 1613 1971 pu.

259 2002 287 2020 „
310 1982 386 2013 bl1'co
395 1985 539 2023 privatae
553 1981 706 2022 impeufhe
717 1979 905 2020 alendaeque
918 1979 1293 2020 fhrniliaeproriderent3
1312 1976 1362 2008 sed
1378 1977 1415 2008 de
1432 1978 1492 2012 suis
1511 1982 1612 2014 facul-

260 2053 287 2071 „
310 2033 426 2065 tatibus
442 2057 454 2073 ‚
486 2033 508 2065 fi
530 2033 653 2071 quando
681 2041 763 2072 opus
785 2031 866 2063 foret
884 2055 894 2070 ,
929 2031 1089 2063 communi
1108 2031 1234 2076 aerario*
1251 2029 1476 2071 subvenirent3
1508 2043 1610 2074 neque

258 2104 285 2123 „
307 2085 484 2117 accuratius
510 2085 631 2117 noffcnt
648 2107 659 2123 ‚
690 2089 842 2120 quantum
870 2093 906 2114 ex
928 2082 1064 2122 publicis
1088 2082 1200 2113 tabuiis
1222 2082 1260 2112 ad
1286 2081 1315 2113 se
1343 2082 1479 2122 rediret,
1515 2094 1606 2123 quam

253 2157 282 2175 ‚‚
307 2143 458 2176 quantum
477 2133 533 2166 fibi
555 2134 601 2166 rei
623 2134 761 2174 privatae
787 2134 918 2174 veffigal
944 2132 1030 2165 eli'et.
1082 2132 1115 2164 T
1117 2143 1165 2165 am
1185 2132 1317 2166 sollicite
1342 2141 1444 2166 autem
1476 2135 1608 2168 abstine-

993 2183 1024 2214 H
1045 2194 1063 2216 α
1478 2209 1504 2226 „
1529 2187 1606 2219 ban-T
