2137 2921
497 213 567 249 Ac
608 208 895 248 PROEDRIS
936 204 1410 241 ATHENIENSIUM.
1579 214 1637 247 113

283 332 312 352 ,‚
333 310 474 349 μαινομέιᾷ
498 316 588 342 notat
605 319 672 341 cum
694 308 811 350 Populo
826 303 955 346 furente
973 303 1068 344 simul
1079 302 1212 344 ficrere,
1229 303 1322 344 fi’ad
1334 309 1442 334 nutum
1459 301 1574 343 Populi
1590 303 1639 334 ἰη-

282 385 309 403 „
326 364 483 404 sanienn's
504 368 699 401 componere,
728 359 771 390 ad
781 357 921 398 furorem
946 356 988 395 ξς)
1013 356 1167 396 insaniam
1187 356 1265 395 pari
1284 354 1407 385 ratione
1428 363 1494 384 cum
1522 353 1638 394 Populo

280 437 307 454 ,‚
325 414 361 455 fe
388 415 539 455 conferre.
550 412 570 426 ’'
592 428 667 437 ——-
697 409 817 450 Optimi
840 408 1055 447 Praeceptoris
1076 406 1140 446 ipsa
1165 405 1257 438 verba
1278 404 1392 436 referre
1410 403 1549 443 placuit:
1574 403 1640 435 Do-

280 475 339 498 nec
367 466 482 498 certior
508 463 683 496 emendatio
714 461 906 501 reperiatur,
939 458 1049 495 habet,
1084 466 1148 496 quo
1175 455 1203 487 se
1225 455 1445 493 commendet,
1476 455 1638 495 conjectu-

280 525 327 548 ra.
357 533 432 540 —
474 516 598 554 zvma'pm
620 514 670 545 vel
693 511 826 552 ouvaes'fsaeg
855 508 1053 549 adsentiendi
1074 509 1124 540 vel
1146 505 1359 548 adstipulandi
1381 504 1639 545 fignifitationem

279 567 395 599 habere
418 566 568 605 videtur,
599 564 659 596 five
691 562 770 594 ratio
793 568 920 602 petatur
946 569 963 591 a
986 558 1112 591 levando
1137 568 1224 590 onere
1249 557 1401 589 communi
1430 556 1639 588 communibus

280 616 423 655 viribus,
446 615 508 647 five
529 623 546 645 a
568 612 705 645 tollenda*
716 611 811 653 simul
834 620 928 642 manu
950 612 982 642 in
999 610 1146 651 ferundis
1168 608 1350 650 suffragit‘s.
1372 623 1422 631 -—
1461 606 1559 637 Porro
1575 607 1641 638 Re-

278 666 375 709 gibus
399 665 450 696 hic
479 665 600 696 nullum
626 662 685 694 ess‘e
710 664 835 701 locum,
860 661 1085 702 absurdamque
1111 661 1295 697 lectionem,
1319 660 1343 688 ol
1366 656 1450 698 πςῴηι
1470 659 1595 691 βασιλεῖς
1616 661 1640 697 ς

282 714 433 754 svn-mo).
467 725 559 755 quam
589 714 786 746 certiffimum
809 713 863 744 est.
918 713 1000 744 Cum
1024 723 1086 744 vox
1107 714 1229 747 βασιλεῖς
1255 709 1330 740 absit
1354 719 1370 741 a
1393 709 1514 742 Codice
1538 708 1643 740 Medi-

279 767 340 799 ceo
363 775 466 805 neque
491 767 663 806 reperiatur
688 766 719 796 in
742 761 940 795 vetustissima
962 765 1102 796 editione
1129 761 1255 795 stobaei
1281 759 1554 798 Trincavelliana,
1587 760 1642 791 ubi

280 816 324 849 est
347 818 385 845 πέ
411 816 439 846 δὲ
467 817 552 856 κςῴηι
573 818 596 845 οἱ
622 815 687 844 δέκα
707 816 854 852 effla-md,
886 829 930 835 —
963 812 1211 845 Hemsterhufius
1242 820 1369 850 quoque
1399 812 1511 843 rectius
1539 811 1643 842 omitti

280 867 437 899 censebat.
481 868 525 898 Et
549 872 652 903 certe,
677 864 698 894 li
722 864 804 894 illam
827 863 1006 902 simpliciter
1026 864 1187 894 lectionem
1215 862 1398 901 sequamur,
1422 861 1499 893 nihil
1525 861 1642 893 deside·-

286 919 447 957 rabimus,
471 915 747 957 quandoquidem,
770 913 856 952 quod
879 913 978 945 decem
1004 913 1056 945 illa
1080 913 1186 945 Duces
1211 920 1385 951 memoret,
1408 922 1479 944 cum
1502 913 1552 946 sex
1574 921 1643 946 tan-

279 978 348 1002 tum
377 968 548 1000 secundum
571 965 789 1008 injustiffimam
814 965 994 997 sententiam
1015 965 1132 996 fuerint
1158 964 1284 1002 necati,
1315 964 1347 995 id
1366 966 1519 998 nemiuem
1544 966 1643 997 offen-

281 1021 354 1058 det,
378 1020 432 1060 qui
459 1018 653 1056 meminerit,
677 1018 709 1048 in
736 1017 888 1048 narranda
914 1017 972 1048 hac
993 1016 1100 1054 iniqua
1126 1015 1387 1047 condemnatione
1409 1017 1510 1049 decem
1535 1017 1641 1057 paffitn

281 1071 363 1109 dici,
390 1070 444 1109 qui
465 1080 481 1101 e
509 1078 640 1101 numero
664 1068 780 1099 fuerint
802 1067 952 1106 denario,
977 1083 1018 1089 ·—
1039 1065 1076 1096 ab
1097 1063 1162 1103 ipso
1184 1065 1334 1104 Platone,
1356 1067 1400 1096 ὅτε
1420 1070 1493 1104 ὑμεῖς
1515 1067 1562 1100 ref
1576 1066 1640 1097 <lim

283 1124 420 1162 519727354
437 1139 480 1146 -
503 1118 681 1157 mendene:
705 1117 800 1155 ἀθςέυς
822 1118 932 1156 acejum,
957 1117 1125 1154 παρανόμως·
1148 1131 1190 1139 —
1212 1117 1250 1147 ab
1267 1114 1432 1157 Asslialw,
1457 1129 1472 1150 a
1491 1119 1643 1151 PHILO—

282 1183 458 1207 STRATO
485 1174 523 1206 de
541 1171 609 1203 Vit.
635 1168 735 1207 Soph.
760 1168 836 1201 Lib.
861 1169 902 1200 ΙΙ.
934 1169 1015 1207 Cap.
1039 1176 1072 1205 9.
1106 1176 1123 1197 a
1140 1167 1268 1199 Valerio
1295 1168 1460 1207 Maximo,
1490 1170 1642 1209 aliisque,

282 1227 330 1257 uti
356 1224 553 1256 observatum
581 1220 624 1252 est
644 1219 682 1250 ab
705 1219 850 1252 OLEAR
864 1230 904 1252 10
926 1220 965 1250 ad
990 1219 1022 1249 d.
1040 1217 1185 1248 Philostr.
1215 1219 1320 1250 locum
1349 1228 1422 1259 pag.
1445 1221 1515 1258 584.
1540 1228 1557 1250 a
1575 1220 1646 1251 Pe-

280 1283 469 1307 nlzomo
491 1273 530 1304 ad
554 1270 638 1302 AEl.
663 1270 686 1301 1.
703 1269 788 1300 laud.
807 1278 824 1300 a
844 1270 1160 1302 WEssszcio
1186 1268 1318 1301 Observ.
1342 1270 1419 1303 Lib.
1449 1270 1474 1302 I.
1502 1270 1582 1310 Cap.
1613 1280 1640 1302 1.

282 1326 314 1357 &
331 1327 370 1357 nd
390 1325 487 1357 Diod.
507 1322 572 1354 Sic.
599 1321 674 1353 Lib.
695 1319 780 1351 XIII.
805 1320 887 1360 Cap.
909 1330 977 1351 101.
1001 1320 1039 1350 ab
1063 1318 1294 1350 ERNEsrlo
1316 1321 1353 1352 ad
1372 1320 1520 1360 Xenoph.
1541 1320 1642 1353 Mem.

281 1377 359 1409 Lib.
384 1375 410 1407 I.
434 1374 515 1413 Cap.
543 1383 570 1406 1.
602 1374 633 1413 §.
664 1373 714 1403 18.
764 1371 809 1403 At
838 1380 933 1408 vcro,
957 1369 1100 1409 quamvis
1129 1379 1191 1400 vox
1211 1374 1328 1405 βασιλῆς
1355 1372 1427 1403 addi
1445 1372 1583 1412 potuerit
1601 1373 1638 1404 ab

281 1429 363 1466 illo,
399 1424 453 1466 qui
477 1424 518 1458 wi
545 1431 603 1461 pro
631 1422 698 1451 δέκα
722 1422 852 1461 legerit,
882 1430 1012 1460 eamque
1043 1420 1238 1453 necessariam
1267 1423 1433 1455 crediderit
1458 1430 1517 1462 pro
1543 1428 1639 1461 captu

282 1477 400 1519 ingenii
415 1476 452 1508 ad
471 1472 671 1514 supplendam
689 1472 870 1505 sententiam
886 1495 896 1511 ‚
919 1470 1154 1503 existimaverim
1181 1479 1305 1510 tamen,
1324 1474 1406 1505 illam
1427 1482 1491 1505 non
1514 1470 1573 1502 effe
1588 1481 1640 1503 or-

279 1538 342 1563 tam
360 1529 397 1559 de
419 1524 540 1562 nihilo,
563 1522 614 1555 sed
636 1523 718 1556 forte
736 1523 882 1564 scriptum
902 1523 976 1555 olim
998 1522 1022 1550 οἱ
1043 1521 1129 1560 wedn-
1154 1522 1182 1551 ἁ
1204 1523 1306 1559 ‹les—peon
1326 1523 1392 1553 θέω
1415 1523 1566 1564 mun-sol,
1586 1532 1639 1556 aut

283 1580 381 1613 simile
411 1576 584 1617 quidpiam.
627 1574 795 1614 Namque,
819 1575 863 1605 uti
888 1573 996 1604 auctor
1021 1573 1064 1604 est
1088 1574 1290 1614 Xenophon,
1313 1575 1494 1606 seutentiam
1516 1575 1640 1608 dicente

285 1631 490 1663 Timocrate‚
515 1625 546 1656 in
570 1625 695 1656 vincula
716 1625 850 1664 conjecti
872 1625 942 1656 sunt
963 1624 1022 1655 viri
1048 1624 1085 1655 de
1102 1625 1205 1656 Patria
1223 1627 1379 1664 praeclare
1399 1625 1513 1656 meriti.
1557 1633 1641 1664 τιμο-

282 1681 384 1721 ,ϋίτὸς
406 1680 428 1709 8'
449 1676 576 1709 εὶπᾶιτΘε
590 1697 600 1712 ‚
622 1676 661 1705 ’ότι
680 1677 722 1712 ›qu
742 1675 787 1709 τὲς
807 1674 881 1707 ἄλης
903 1676 953 1714 χξὸ
977 1673 1091 1708 ΒεθὲνἹαες
1112 1678 1134 1709 ἔς
1153 1675 1194 1704 τὶν
1219 1679 1302 1707 Δῖὶαον
1327 1674 1515 1716 παροιὸοθῆναᾳ,
1538 1676 1640 1709 ἧΒελᾶ

283 1733 371 1764 ’ism-s.
389 1746 433 1753 —
454 1728 568 1766 Neque
593 1733 697 1758 tamen
714 1724 767 1756 seu
788 1724 868 1756 istud
893 1725 1002 1757 vitium
1030 1726 1082 1758 seu
1107 1728 1183 1758 haec
1207 1726 1386 1766 conjed‘cura
1408 1726 1486 1757 tanti
1511 1726 1575 1766 est,
1606 1735 1642 1761 ut

286 1791 340 1815 aut
356 1782 399 1813 illi
415 1777 624 1819 corrigendo,
648 1785 701 1809 aut
716 1777 790 1808 huic
808 1775 1059 1816 confirmandae,
1076 1778 1206 1809 ulterius
1223 1779 1451 1810 inhaereamus.
1480 1778 1551 1809 Alia
1567 1779 1640 1812 sunt

282 1835 316 1866 in
341 1830 450 1871 insigni
475 1830 535 1861 hoc
561 1829 635 1861 loco
660 1827 822 1868 Axiochi,
846 1838 883 1860 ex
908 1828 1024 1868 quibus
1050 1829 1134 1861 illius
1165 1830 1334 1863 auctoritas
1361 1830 1391 1862 δι
1417 1830 1493 1862 fides
1513 1830 1639 1864 uberius

284 1880 546 1916 demonstrentur.

330 1984 360 2024 §.
384 1982 455 2014 Xll.
498 1981 657 2013 Novimus
682 1979 799 2012 scilicet
821 1980 998 2013 testimonio
1022 1981 1198 2022 praesertim
1224 1980 1467 2021 Xenophontis,
1500 1986 1566 2012 tum
1589 1990 1642 2021 ge-

290 2037 377 2069 mino
397 2033 653 2066 Memorabilium
674 2032 767 2069 loco,
790 2039 855 2063 tum
872 2033 903 2063 in
926 2031 1118 2070 Hellenici5‚
1146 2041 1334 2072 quamquam
1356 2031 1488 2063 universi
1509 2032 1642 2064 Senatus

287 2085 474 2119 Consultum
496 2094 533 2115 ex
549 2083 701 2114 sementi-52
723 2082 857 2114 furentis
878 2082 989 2122 Populi
1014 2083 1115 2115 fuerat
1141 2084 1349 2125 conscriptum
1363 2108 1374 2124 ‚
1397 2084 1518 2124 negass'e
1536 2091 1638 2116 tamen

285 2137 458 2176 Prytanes,
481 2134 510 2167 se
534 2133 690 2174 Populum
717 2132 749 2164 in
766 2132 908 2174 suffragia
930 2132 1096 2174 missuros,
1118 2133 1160 2166 ita
1181 2141 1217 2166 ut
1231 2134 1269 2167 de
1288 2135 1433 2167 omnibus
1455 2133 1541 2166 fimul
1556 2134 1640 2172 reis,

1036 2183 1060 2215 P
1595 2187 1641 2218 in.
