2137 2921
507 198 611 242 DE
675 193 1063 242 SOCRATE
1123 193 1333 239 CIVE.
1563 196 1597 244 5

263 319 337 362 fibi
365 317 589 373 religiosius
624 318 754 360 coluit
775 348 790 369 ,
827 327 897 360 aut
919 327 1159 370 quacunque
1189 313 1324 368 poss'et
1345 312 1470 366 opera
1492 323 1590 353 con·

264 407 408 447 filiove
432 404 593 446 fidelius
617 404 788 456 adjuvit.
817 426 857 434 -
899 404 982 457 Qui
1014 404 1056 443 in
1078 401 1230 442 Literis
1265 413 1347 442 non
1368 401 1486 452 plane
1515 400 1589 440 ho·

266 492 356 545 spes
386 491 476 543 est,
507 503 641 543 neque
673 473 1109 530 XENo‘PHoNTssM
1143 488 1323 540 ignorat,
1356 488 1388 526 is
1421 495 1532 525 certe
1568 498 1590 525 a

264 580 384 619 nobis
409 577 608 619 dictorum
639 576 829 627 exempla
862 587 945 615 non
975 574 1168 626 requiret.
1229 571 1357 625 Quod
1381 572 1490 610 enim
1514 571 1587 610 sin-

262 676 379 705 cerae
403 664 604 704 amicitiae
632 662 681 702 fit
704 662 881 714 pretium
906 692 919 710 ‚
950 671 1051 712 quae
1085 660 1238 699 utilitas
1260 688 1272 708 ‚
1305 669 1406 709 quae
1432 658 1560 697 officia
1577 685 1589 705 ,

263 764 316 795 ex
335 762 458 791 aureo
484 748 810 790 Memorabilium
835 748 1024 796 Libello,
1056 746 1202 785 melius
1234 745 1355 784 etiam
1387 755 1507 795 quam
1537 754 1592 782 ex

265 837 477 877 Ciceronis
511 835 677 885 Laelio,
712 832 984 887 cognoscitur.
1013 853 1090 862 —
1128 831 1210 871 Sed
1241 843 1307 871 DE
1339 831 1589 870 Soan‘rE

264 923 422 970 eivs,
453 922 495 962 id
528 922 611 971 est,
644 923 690 962 de
728 933 816 963 vero
843 920 1054 973 Sapiente‚
1084 913 1266 959 bmnibus
1287 948 1298 967 ‚
1326 928 1427 971 quae
1447 917 1504 956 ad
1524 914 1589 955 Ci-

264 1022 349 1051 vem
370 1009 606 1063 pertinent,
640 1007 776 1060 officiis
793 1004 1012 1061 pleniffime
1044 1004 1089 1046 ἐξ
1121 1003 1321 1058 νεὲῖὶβὶῃιε
1339 1002 1551 1057 perfunbl‘o
1572 1031 1585 1049 ‚

263 1096 428 1136 uberius
454 1093 513 1134 est
533 1093 768 1133 dicendum.

313 1181 452 1230 Atque
484 1178 552 1218 hic
583 1176 961 1228 contemplemini,
1002 1173 1154 1226 quaeso
1176 1203 1187 1223 ‚
1227 1174 1551 1213 Amr-roms
1574 1202 1586 1221 ‚

259 1265 403 1316 istum,
436 1265 505 1316 qui
539 1263 653 1316 supra
681 1264 828 1316 vulgus
861 1261 999 1313 sapere
1030 1260 1070 1300 se
1098 1259 1261 1309 credat,
1293 1271 1427 1300 rerum
1452 1260 1587 1301 huma-

257 1363 396 1393 narum
417 1360 732 1392 contemtorem.
790 1349 969 1389 Abditus
998 1349 1105 1388 inter
1129 1347 1255 1387 libros
1277 1376 1290 1396 ,
1327 1355 1395 1388 aut
1427 1347 1469 1386 in
1491 1357 1587 1400 agro

261 1440 424 1489 latens,
466 1448 736 1490 quaecunque
769 1436 910 1476 civilia
941 1434 1032 1475 sunt
1056 1464 1069 1484 ,
1120 1433 1170 1474 ad
1209 1432 1250 1473 se
1291 1445 1376 1474 non
1409 1433 1588 1486 spectare

259 1525 424 1575 censet,
463 1536 599 1576 neque
642 1524 765 1563 ullam
808 1522 927 1563 novit
973 1523 1207 1571 caritatem,
1249 1531 1351 1572 quae
1382 1520 1457 1571 ipfi
1486 1520 1587 1561 tanti

263 1611 473 1660 videatur,
511 1621 587 1660 ut,
619 1609 762 1650 relicto
797 1610 912 1659 otio,
945 1608 1175 1648 communia
1207 1619 1300 1646 cum
1331 1607 1493 1647 civibus
1529 1606 1590 1645 su-

265 1700 361 1739 beat
392 1697 513 1747 Reip.
540 1708 664 1736 onera
684 1696 722 1735 &
741 1696 936 1747 pericula.
998 1694 1120 1735 Haud
1141 1693 1194 1732 ita
1213 1691 1414 1733 Socrates.
1472 1691 1587 1732 Idem

265 1784 336 1823 ille
352 1813 365 1832 ‚
397 1784 466 1833 qui
491 1783 531 1821 in
551 1782 781 1834 praeceptis
807 1793 889 1821 non
914 1780 1156 1832 prudentiae
1185 1788 1340 1820 tantum
1362 1778 1496 1818 civilis
1517 1778 1588 1819 sed

263 1871 357 1911 artis
386 1870 511 1910 etiam
533 1868 706 1909 bellicae
730 1867 935 1908 tradendis
957 1867 1164 1907 neminem
1185 1842 1496 1905 Atheniensium
1517 1865 1585 1907 ha·

264 1958 387 1997 bebat
412 1966 580 2007 parem,
611 1963 697 1994 tum
717 1953 878 2005 Junior‚
910 1963 995 1993 tum
1023 1953 1342 2006 quadragenario*
1359 1951 1512 2004 major,
1542 1953 1585 1992 in

265 2042 453 2083 exercitu
488 2042 636 2081 meruit
669 2041 788 2080 miles
826 2041 1053 2094 gregarius3
1086 2040 1150 2090 δι,
1183 2039 1365 2080 evocatis
1398 2038 1447 2080 ad
1481 2051 1586 2080 arma

264 2129 450 2179 civibus,
504 2139 586 2181 quo
630 2127 823 2179 juberent
866 2128 991 2168 duces
1015 2157 1028 2176 ,
1070 2125 1176 2167 terrzi
1209 2127 1388 2179 marique
1423 2125 1585 2166 secutus

1009 2212 1042 2252 B
1501 2210 1581 2251 est:
