2137 2921
478 204 512 246 Β
833 199 1470 244 ORATIO

485 324 584 376 equi
614 331 698 363 erat
731 320 946 361 ferocitate
969 320 1214 370 exultantis,
1243 329 1290 360 ut
1311 321 1352 358 in
1388 320 1453 358 illa
1480 319 1715 369 quotidiano
1738 321 1813 362 usu

489 410 666 450 disceret
690 438 701 458 ‚
745 407 933 447 homines
965 406 1204 447 effraenatos
1238 408 1280 446 in
1317 417 1459 459 gyrum
1492 408 1656 447 rationis
1688 408 1814 448 duce·

489 509 530 536 re
555 526 567 545 ‚
598 517 639 523 —-
668 495 903 544 Socratem,
936 495 1099 545 inquam
1120 524 1131 543 ‚
1164 505 1259 533 cum
1290 505 1417 533 uxore
1452 494 1625 533 rixarum
1654 485 1814 534 amahte

489 583 543 623 sic
574 580 744 631 vixiffe,
775 592 820 621 ut
852 580 935 632 ipsa
971 580 1111 621 testata
1139 580 1211 626 sit,
1252 581 1466 630 maritum,
1499 579 1674 620 infinitas
1706 580 1813 620 inter

487 671 614 722 Reip.
653 670 900 710 mutationes
925 699 938 718 ‚
982 668 1139 719 irasque
1178 668 1298 707 etiam
1334 665 1572 706 domesticas
1600 697 1613 716 ,
1655 665 1818 718 placido

487 757 607 796 vultu
642 755 800 808 semper
842 755 965 795 domo
1007 753 1180 804 exiisse,
1219 752 1380 806 placida
1422 754 1460 793 &
1498 751 1640 792 serena
1679 752 1817 794 fronte

491 841 610 883 fuiffe
646 842 866 882 reversum.
928 842 1041 895 Quin
1074 840 1135 891 &,
1166 841 1196 881 si
1227 841 1268 880 in
1300 838 1568 879 conciliandis
1599 838 1672 878 fibi
1706 839 1818 881 hisce

490 931 644 982 nuptiis
666 929 871 970 fortunam
895 930 1026 968 minus
1049 927 1264 968 fautricem
1284 927 1426 967 habuit
1447 926 1510 966 vir
1531 926 1710 978 optimus
1731 956 1742 975 ,
1774 927 1817 966 in

492 1017 577 1057 filio
608 1017 729 1057 etiam
748 1047 760 1066 ‚
791 1028 912 1067 quem
948 1015 1079 1054 solum
1114 1024 1247 1056 aetate
1285 1013 1394 1053 vidit
1425 1012 1668 1053 adultiorern
1700 1012 1822 1054 Lam-

491 1104 704 1156 proclem,
737 1102 844 1141 haud
868 1102 998 1139 multo
1029 1099 1110 1139 fuit
1138 1100 1302 1139 felicior
1323 1129 1336 1149 ‚
1366 1099 1592 1138 indocilem
1623 1109 1819 1150 expertus

491 1191 690 1241 matrique
714 1199 833 1238 quam
856 1186 929 1226 fibi
949 1185 1185 1225 similiorem
1211 1199 1220 1223 ι
1263 1185 1320 1225 Et
1352 1195 1444 1236 erga
1475 1184 1590 1223 illum
1611 1192 1748 1224 tamen
1769 1187 1824 1228 ita

496 1275 536 1316 se
570 1275 680 1329 gestit
711 1283 825 1326 pater
858 1273 969 1312 mitis
1004 1273 1042 1313 &
1068 1271 1275 1324 prudens,
1317 1279 1363 1311 ut
1389 1269 1531 1312 faciles
1566 1282 1659 1311 cum
1691 1284 1820 1323 puero

493 1363 580 1405 ludi
604 1364 642 1404 ὅτ,
664 1363 789 1403 amica
810 1372 949 1415 parum
974 1358 1238 1410 obsequentis
1266 1358 1516 1408 admonitio,
1548 1370 1719 1409 quorum
1751 1371 1822 1400 ex-

495 1450 568 1492 stat
588 1449 783 1492 memoria
805 1478 818 1498 ‚
857 1447 980 1487 etiam
1011 1457 1120 1486 nunc
1150 1443 1351 1485 testentur
1371 1475 1383 1495 ‚
1427 1445 1531 1485 nihil
1561 1443 1641 1484 effe
1669 1475 1681 1494 ‚
1714 1445 1826 1488 Quod

495 1540 561 1580 vir
585 1537 742 1591 sapiens
775 1535 812 1575 &
836 1535 968 1574 bonus
997 1545 1081 1573 non
1113 1541 1236 1586 putet
1267 1531 1339 1572 sibi
1367 1531 1590 1572 secundum
1622 1529 1824 1574 Naturam

501 1624 583 1666 esse
615 1622 865 1665 faciendum.
925 1621 1097 1661 Natura
1121 1650 1133 1670 ,
1178 1619 1310 1671 inquit
1344 1620 1550 1660 CICERO
1572 1650 1584 1669 ‚
1618 1619 1826 1674 praescri·

501 1712 586 1761 bit,
618 1718 665 1752 ut
690 1711 798 1750 homo
821 1708 972 1748 homini
986 1737 999 1758 ,
1032 1707 1257 1760 quicunque
1269 1705 1348 1759 sit,
1383 1707 1426 1746 ob
1455 1718 1541 1747 eum
1566 1706 1690 1760 ipsum
1717 1718 1830 1748 caus·

496 1800 588 1853 firm
615 1828 627 1847 ,
672 1797 777 1851 quod
805 1795 840 1835 is
866 1796 975 1836 homo
996 1794 1051 1847 fit
1075 1824 1087 1843 ,
1131 1792 1351 1845 consultum
1382 1791 1489 1835 velit.
1557 1793 1672 1833 Haec
1702 1795 1825 1834 etiam

509 1884 686 1928 Socratis
714 1892 800 1923 erat
831 1881 1094 1933 Philosophia
1117 1909 1131 1931 ,
1172 1889 1218 1920 ut
1255 1878 1524 1920 felicissimum
1560 1880 1676 1919 illum
1715 1879 1828 1920 dice-

509 1982 595 2023 ret,
627 1971 697 2024 qui
724 1971 856 2010 bonus
884 1967 985 2009 effet
1015 1968 1167 2020 conjux
1187 1997 1200 2017 ‚
1230 1968 1361 2008 bonus
1389 1977 1504 2019 pater
1523 1997 1536 2017 ‚
1574 1968 1706 2007 bonus
1734 1968 1832 2008 ami-

512 2073 585 2101 cus
606 2090 618 2110 ,
658 2059 790 2098 bonus
825 2056 943 2096 civis.
1008 2055 1150 2107 ltaque
1185 2067 1308 2095 nemo
1336 2055 1488 2094 amicos
1522 2063 1590 2095 aut
1621 2052 1831 2094 studiosius

508 2145 706 2203 quaesivit
727 2175 740 2196 ,
779 2152 847 2185 aut
880 2142 1022 2196 majori
1054 2154 1148 2184 cum
1183 2143 1278 2183 cura
1313 2142 1448 2196 legit,
1488 2151 1556 2184 aut
1589 2141 1829 2182 conciliatos

1765 2226 1839 2268 fibi
