2137 2921
490 214 545 256 24
834 195 1478 240 ORATIO

500 331 586 362 tur:
618 316 673 360 Et
702 326 838 358 tamen
867 315 979 356 idem
1011 316 1082 356 ille
1114 314 1301 356 Socrates
1324 316 1497 368 pulchre
1520 326 1714 368 noverat,
1746 330 1825 360 nec

502 409 635 449 minus
664 412 804 457 aperte
835 403 1166 456 reprehendebat
1187 433 1201 453 ,
1241 412 1328 442 turn
1359 403 1513 444 civium
1544 403 1704 446 suorum
1740 415 1828 447 tum

504 493 625 547 ipsius
647 491 825 532 civitatis
843 491 970 540 vitia,
993 502 1096 543 quae
1118 489 1320 543 postrema
1338 490 1572 544 praesertIm
1583 493 1705 545 Reip.
1722 502 1830 535 aeta-

506 590 548 622 te
581 580 858 621 invaluerant:
903 577 1041 632 Leges
1082 576 1171 617 istas
1194 607 1207 628 ,
1250 578 1299 618 de
1329 579 1475 629 quibus
1507 579 1633 620 modo
1666 579 1830 620 diceba·

506 679 624 717 mus,
656 665 823 707 Aristidi
856 664 1157 718 propemodum
1194 665 1327 706 invito
1357 676 1566 717 extortas,
1605 666 1759 708 insanas
1784 678 1829 707 ac

505 754 685 807 publicis
717 752 948 793 commodis
980 751 1191 802 adversas,
1233 763 1327 792 cum
1361 751 1537 794 Isocrate
1575 754 1832 805 caeterisque

504 841 668 882 civibus
689 840 1049 893 prudentioribus,
1077 838 1301 890 judicabat.
1353 842 1384 862 “
1416 839 1545 893 Quis,
1576 840 1733 890 aiebat,
1762 841 1834 881 vel

511 958 542 979 „
574 928 720 969 domus
744 927 835 968 suae
865 926 1051 975 fabrum,
1084 926 1228 976 quisve
1255 926 1369 967 navis
1393 928 1703 980 gubernatorem
1724 926 1831 967 sorte

511 1045 543 1066 ‚‚
575 1016 712 1068 legere
741 1015 879 1062 velit3
928 1013 1206 1065 peritissimum
1240 1013 1413 1065 quisque
1444 1013 1517 1055 fibi
1550 1023 1665 1067 optat
1686 1043 1700 1066 ‚
1750 1026 1835 1055 non

515 1130 546 1151 „
577 1113 701 1153 quem
732 1099 816 1140 fors
848 1099 1071 1140 obtulerit:
1121 1098 1175 1138 Et
1194 1108 1333 1138 tamen
1355 1100 1397 1139 in
1417 1100 1493 1140 hac
1514 1098 1645 1140 nostrii
1666 1101 1834 1141 civitate

511 1217 544 1239 ,‚
578 1188 633 1228 ita
656 1187 860 1236 vivimus,
891 1194 937 1225 ut
957 1184 1072 1225 fabae
1097 1184 1346 1225 constituant
1366 1186 1486 1236 illos,
1518 1186 1666 1237 quibus
1685 1186 1837 1229 summa

515 1304 546 1325 ,,
578 1274 701 1325 Reip.
727 1271 776 1313 fit
797 1270 1118 1320 committenda3
1149 1269 1257 1323 quasi
1277 1282 1378 1312 vero
1405 1271 1446 1312 in
1475 1271 1744 1315 construenda
1764 1273 1839 1315 do·

514 1391 546 1412 ,‚
578 1372 645 1401 mo
662 1390 675 1411 ,
706 1368 774 1400 aut
808 1359 851 1399 in
874 1370 977 1400 nave
1004 1357 1055 1399 ad
1084 1367 1250 1411 portum
1275 1357 1542 1411 adpellendai5
1573 1361 1706 1400 minus
1730 1363 1840 1414 peri-

517 1478 548 1499 „
581 1446 719 1488 culose
750 1458 870 1499 quam
893 1446 936 1486 in
961 1443 1269 1487 administranda
1293 1446 1402 1498 Rep.
1424 1447 1714 1498 peccaretur.”

570 1534 706 1576 Tanto
728 1543 865 1575 autem
888 1534 1049 1587 gravius
1071 1541 1156 1573 erat
1177 1531 1393 1584 damnum5
1425 1533 1520 1574 inde
1542 1543 1704 1575 enatum
1727 1534 1840 1587 quod

521 1622 753 1676 ineptisfimi
784 1620 902 1673 saepe
936 1620 1151 1670 homines,
1183 1618 1289 1660 sorte
1313 1620 1466 1671 creati,
1495 1622 1655 1674 populo
1677 1634 1840 1675 praees-

522 1709 636 1760 sent,
667 1719 750 1762 quo
783 1707 910 1760 magis
934 1706 1018 1759 ipse
1037 1706 1216 1759 populus
1237 1706 1440 1758 ejusmodi
1463 1705 1600 1758 foret,
1627 1717 1674 1750 ut
1688 1708 1841 1750 idoneo

524 1797 566 1838 &
596 1805 718 1836 cauto
753 1793 909 1836 reetore
939 1794 1212 1836 vehementer
1242 1793 1471 1848 indigeret:
1503 1793 1639 1845 Nam,
1670 1808 1763 1836 cum
1793 1797 1843 1838 ab

524 1882 606 1924 unzi
637 1892 751 1936 parte
786 1882 898 1922 mitis
933 1880 1063 1932 esset,
1103 1881 1327 1932 humanus,
1367 1881 1560 1934 elegans,
1604 1882 1845 1935 hospitalis,

528 1969 745 2023 aliquando
776 1970 900 2011 etiam
916 1968 1166 2022 justisfimus,
1198 1969 1246 2009 ab
1266 1966 1391 2009 altera
1410 1977 1548 2009 tamen
1570 1969 1678 2010 haud
1703 1969 1847 2011 imme-

529 2057 609 2098 rito
640 2069 662 2098 a
686 2056 894 2109 Scriptore
915 2056 1097 2097 Axiochi
1120 2056 1371 2108 reliquisque
1398 2055 1671 2108 Scriptoribus
1693 2057 1847 2098 Atticis

528 2143 763 2200 deping-itur
794 2153 986 2199 tanquam
1019 2144 1198 2199 ingratus
1217 2154 1310 2199 erga
1331 2143 1452 2196 illos,
1484 2144 1554 2198 qui
1571 2145 1679 2187 bene
1702 2143 1753 2186 de
1777 2143 1847 2186 Pa-

1777 2229 1854 2273 triti
