2137 2921
498 222 555 246 100
734 207 1143 250 DISQUISITIO
1184 207 1258 244 DE
1300 209 1630 247 EPISTATIS

500 318 600 350 genue
622 306 739 345 fassus,
763 305 993 338 dubitationem
1017 312 1138 338 tantum
1165 313 1340 348 proponam
1363 314 1485 348 meam,
1508 317 1546 340 an
1562 307 1641 341 adeo
1663 315 1783 343 certum
1798 312 1860 353 fit,

498 360 655 392 neminem
684 366 824 397 unquam
851 359 883 390 in
915 360 1092 397 Ληξιιςχικόι
1119 359 1247 391 alterius
1273 358 1368 390 Demi
1392 368 1507 390 nomen
1536 360 1720 394 transtulisse
1746 362 1859 404 suum‘,

495 418 590 450 atque
612 408 673 447 ita,
699 416 799 442 aetate
821 410 1072 451 provectiorem,
1095 409 1127 441 in
1146 409 1236 441 aliam
1255 408 1412 448 Tribum,
1434 416 1557 441 mutato
1574 410 1656 444 forte
1675 413 1858 455 domicilio,

497 460 737 500 commigrasse,
759 470 882 503 praeter
909 462 1016 501 illam,
1040 461 1132 500 cujus
1156 460 1367 501 appellatione
1392 470 1409 492 a
1430 469 1518 501 patre
1535 461 1640 494 fuiffet
1659 463 1859 506 designatus,

493 522 592 553 quum
615 512 642 543 is
666 511 764 544 filium
785 514 867 546 inter
890 513 1033 554 offilngss
1052 512 1184 545 adscribi
1207 513 1343 553 primum
1366 520 1502 545 curaret.
1546 515 1719 555 Cognitum
1742 516 1861 557 quippe

493 564 559 604 eft,
582 565 735 605 geminam
760 565 850 598 fuiffe
873 566 1008 598 Athenis
1031 564 1200 597 Librorum
1223 565 1400 596 Curialium
1425 564 1478 596 seu
1504 565 1694 598 Tabularum
1711 567 1860 608 puhh‘ca-

493 625 586 655 rum,
611 619 642 647 in
675 625 752 656 quas
773 616 870 648 Cives
890 616 1125 653 referebantur,
1147 614 1302 655 speciem,
1327 617 1458 648 alterum
1485 619 1650 655 φςωτομιὶ,
1670 621 1862 657 stymmata

491 669 544 700 vel
566 668 644 698 κυνὶ,
662 671 864 708 ›sewum-Tor,
887 668 919 700 in
946 677 1039 708 quem
1062 667 1245 699 Tribunum
1264 667 1418 700 Codicem
1442 668 1603 701 Phratriae
1618 669 1649 702 δε
1669 670 1792 702 Gentes
1806 669 1863 701 ad·

495 719 732 758 scribebantur3
757 719 888 750 alterum
903 718 1073 759 ληξιαςχυδον
1090 721 1289 760 stemmata,
1312 720 1344 751 in
1365 729 1430 759 quo
1451 722 1579 753 nomina
1595 720 1789 760 fingulorum
1806 721 1863 754 Ci-

494 771 604 810 vium,
629 773 684 811 qui
708 771 740 802 in
761 779 959 810 unoquoque
985 771 1088 802 Demo
1110 770 1336 808 censebantur,
1359 771 1502 803 adnotari
1525 772 1683 804 solebant:
1711 772 1781 813 Jatn
1807 780 1863 803 au·

492 829 556 853 tem
570 844 581 861 ‚
604 822 870 862 quemadmodum
894 821 926 852 in
951 821 1040 861 prius
1065 821 1146 853 istud
1170 822 1289 853 Album
1308 830 1479 861 puerorum
1496 825 1645 861 nomina,
1668 822 1792 854 durnin
1813 824 1862 855 in-

490 873 592 906 famia
616 875 709 906 etiam
739 873 857 912 essent,
880 872 989 904 referri
1006 872 1136 905 curabat
1155 880 1244 914 pater
1258 874 1408 905 naturalis
1426 871 1480 906 aiit
1498 875 1688 914 adoptivus,
1712 874 1862 914 adJ'unc‘bo

492 925 548 957 suo
575 925 605 957 δι
630 924 723 956 Demi
747 925 895 961 nomine,
926 925 970 955 ita
993 923 1168 955 verofimile
1196 924 1257 962 est,
1290 924 1345 954 ista
1369 926 1497 956 nomina
1519 926 1593 956 Civi
1612 935 1668 965 per
1690 932 1790 957 totam
1815 927 1862 959 vi·

491 983 554 1008 tam
572 975 717 1008 haefiffe:
743 976 806 1008 Sed
826 976 931 1014 enim,
955 984 1053 1014 quum
1070 978 1238 1016 ληξιαρχικῷ
1258 974 1500 1008 inscriberentur
1513 976 1575 1016 jam
1595 977 1694 1008 adulti
1714 976 1745 1007 ὅτ.
1759 985 1862 1009 rerum

493 1027 618 1059 suarum
643 1028 783 1065 domini,
808 1027 885 1058 mihi
910 1026 1036 1065 quidem
1060 1034 1124 1056 non
1150 1025 1291 1064 constat,
1314 1027 1386 1059 illos
1412 1035 1489 1058 tunc
1513 1027 1641 1059 nomina
1655 1027 1708 1058 sua
1725 1037 1789 1059 non
1804 1038 1864 1069 po—

492 1077 584 1109 tuisse
606 1078 750 1118 profiteri
767 1078 798 1109 in
817 1077 878 1108 alio
903 1077 1029 1114 Demo,
1054 1084 1148 1114 quarn
1172 1076 1264 1116 cujus
1287 1079 1496 1119 popularibus
1513 1088 1530 1110 a
1548 1085 1659 1118 patre,
1682 1079 1755 1110 dum
1771 1080 1861 1119 pueri

495 1127 623 1168 forent,
646 1127 775 1161 fuissent
798 1127 911 1160 oblati.
934 1145 976 1153 —
1011 1126 1177 1167 Quidquid
1200 1127 1258 1167 fit,
1289 1129 1370 1161 tanti
1393 1130 1471 1161 mihi
1493 1130 1619 1170 quidem
1645 1129 1701 1162 ista
1725 1140 1790 1162 non
1820 1131 1865 1163 est

494 1180 685 1217 difficultas,
715 1187 753 1211 ut
777 1180 871 1211 fidem
897 1185 1065 1219 propterea
1090 1180 1259 1219 abrogem‚
1290 1189 1355 1212 non
1380 1180 1521 1213 Libanio
1544 1188 1687 1219 tantum,
1723 1192 1787 1215 non
1818 1182 1864 1216 ilii

494 1232 550 1271 qui
572 1232 731 1273 Ulpianus
751 1230 889 1268 dicitur,
913 1239 978 1261 non
1001 1229 1115 1261 Suidae
1129 1253 1140 1269 ,
1163 1247 1202 1255 -—
1225 1231 1277 1262 sed
1296 1232 1522 1271 Demostheni,
1544 1231 1596 1263 sed
1609 1232 1770 1265 AEschini
1785 1234 1866 1265 Ora.

495 1283 582 1323 tori,
603 1283 656 1315 sed
677 1282 823 1321 Platoni,
847 1281 899 1314 sed
924 1282 1151 1321 Xenophonti,
1175 1282 1205 1313 ὅτ
1231 1283 1353 1321 (verbo
1379 1283 1505 1322 dicam)
1528 1282 1688 1316 universae
1712 1285 1863 1325 Antiqui-

493 1335 565 1367 tati.
610 1335 778 1367 Nonnulla
802 1334 887 1367 illius
911 1333 1124 1373 Antiquitatis
1148 1332 1324 1365 testimonia
1344 1334 1408 1374 jam
1430 1333 1611 1365 recitemus.

535 1436 567 1476 §.
592 1434 652 1467 VI.
696 1434 782 1467 Inter
805 1436 906 1475 mala,
933 1444 1013 1475 quae
1035 1433 1189 1475 postrema
1214 1443 1314 1468 aetate
1338 1436 1455 1475 Remp.
1477 1435 1616 1467 Atticam
1632 1434 1749 1476 pess'um
1769 1437 1864 1470 dede-

493 1493 591 1525 runt,
623 1487 786 1526 neglectus
808 1487 871 1519 fuit
895 1495 1038 1519 veterum
1068 1486 1190 1525 Legum
1219 1494 1313 1527 atque
1337 1488 1572 1526 institutorum,
1606 1488 1723 1526 quibus
1753 1487 1868 1521 immo·

493 1537 591 1570 destia
615 1536 787 1570 Oratorum
812 1537 1000 1577 furoresque
1021 1537 1277 1576 Demagogorum
1296 1538 1542 1570 coercebantur:
1565 1539 1741 1578 Nunquam
1758 1546 1863 1572 autem

493 1589 622 1623 licentia
646 1589 701 1620 ista
722 1588 939 1621 vehementius
957 1587 1087 1628 grassata
1112 1586 1174 1625 est,
1206 1597 1298 1626 quam
1322 1599 1393 1620 cum
1414 1589 1671 1621 nobilissimorum
1692 1590 1862 1624 Oratorum

491 1650 572 1683 par,
594 1641 687 1672 nimis
709 1642 772 1680 (ut
793 1642 836 1673 ita
853 1639 978 1678 dicam)
995 1639 1074 1669 hene
1091 1639 1297 1678 compofitum
1312 1662 1323 1677 ,
1347 1639 1463 1671 Forum
1483 1640 1513 1671 δι
1528 1641 1625 1671 Cives
1641 1640 1673 1671 in
1689 1639 1862 1674 factionum

491 1700 600 1735 partes
627 1692 802 1724 scinderet:
828 1692 911 1728 Sed,
935 1697 970 1721 ut
989 1690 1067 1721 nulli
1084 1690 1281 1729 frequentius
1303 1700 1395 1731 quam
1424 1690 1479 1730 ipsi
1500 1690 1641 1722 Gracchi
1658 1691 1696 1723 de
1712 1691 1864 1725 seditione

499 1743 590 1784 queri
615 1743 735 1783 solent,
759 1743 799 1776 fic
823 1743 855 1774 &
880 1742 968 1782 saepe
991 1749 1125 1779 uterque
1142 1740 1251 1779 istum,
1277 1742 1368 1781 cujus
1390 1741 1444 1781 ipsi
1467 1742 1609 1773 auerores
1636 1750 1743 1782 erant,
1771 1747 1864 1774 some-

499 1796 565 1834 μίας
586 1804 781 1827 contemtum
808 1793 1009 1833 reprehendit
1035 1793 1063 1823 &
1083 1792 1170 1823 velut
1193 1793 1347 1832 deplorat.
1394 1797 1444 1825 τῆς
1466 1793 1495 1823 δὲ
1518 1795 1541 1824 'r’
1554 1793 1662 1832 ῥητόρων
1682 1796 1812 1829 ὰιωμίας
1829 1796 1862 1827 ὲ.

493 1848 536 1878 ’ἔτι
559 1849 658 1887 ,cynii
684 1843 792 1884 'v'mr'loq
814 1846 852 1875 ἔθ’
870 1846 893 1874 οἱ
913 1846 1003 1882 νέμοι,
1032 1844 1072 1874 ἔθ’
1093 1846 1115 1874 οἱ
1140 1846 1296 1883 liguria-15,
1318 1843 1358 1875 ἔθ’
1381 1847 1404 1874 u'
1425 1846 1566 1885 Πςᾶιθςιι,
1589 1845 1628 1874 θ’θ’
1650 1847 1662 1877 ἧ
1686 1845 1865 1886 προεδξιύυῃε

495 1901 587 1938 Qum,
620 1898 650 1929 τὶ
678 1897 783 1928 Sinam
807 1897 883 1936 μέρος
909 1900 952 1931 τῖς
980 1898 1091 1930 nmm-
1141 1895 1247 1928 Verba
1270 1895 1340 1928 sunt
1363 1897 1613 1929 AEscmms
1643 1898 1675 1929 in
1708 1898 1800 1931 Orat.
1831 1908 1861 1932 c.

496 1950 642 1991 Ctefiph.
667 1958 742 1989 pag.
765 1959 816 1988 54.
845 1957 893 1987 ¹5·
919 1950 970 1980 ed.
997 1949 1108 1989 Steph.
1136 1948 1253 1987 quibus
1276 1947 1386 1978 iisdem
1415 1947 1479 1978 fere
1504 1947 1578 1979 usus
1601 1948 1644 1980 est
1670 1950 1863 1982 adversarius

493 2003 836 2036 DEMOSTHENES
861 2000 891 2030 in
916 2000 1006 2031 Orat.
1033 1999 1058 2030 1.
1085 2007 1196 2031 contra
1221 1997 1386 2038 Aristogit.
1412 1996 1518 2030 versus
1547 1999 1661 2040 finem,
1692 2011 1765 2042 pag.
1785 2012 1860 2043 424.

501 2064 573 2093 124.
598 2055 671 2086 loco
691 2051 822 2092 inligni,
845 2060 937 2091 quem
960 2051 1192 2082 Lowcrwus
1217 2063 1247 2079 τ.
1272 2056 1301 2083 τ.
1335 2049 1418 2082 Sea.
1442 2057 1493 2088 23.
1527 2049 1558 2081 in
1586 2050 1612 2082 f.
1636 2051 1777 2084 imitatus
1793 2054 1863 2085 dili·

497 2104 633 2144 gentiam
662 2104 747 2136 haud
770 2103 882 2143 effugit
904 2102 1054 2133 Virorum
1084 2103 1114 2133 in
1141 2102 1258 2133 Literis
1285 2101 1463 2139 nobilium,
1489 2099 1649 2134 Toum
1669 2102 1699 2135 δι
1720 2103 1862 2136 ΚυΗΝ-

493 2164 633 2187 xum-11.
683 2155 737 2192 Καὶ
759 2154 779 2185 οἱ
803 2157 826 2184 “r‘'
853 2152 932 2184 ἕλω·
959 2155 982 2185 ἓ
1006 2155 1179 2191 ἧννχηιιέτω
1197 2151 1305 2186 ἵκεις-Θ*
1328 2152 1457 2190 isium-t)
1478 2156 1567 2187 ποιεῖ,
1588 2156 1665 2184 πῖθ’
1682 2153 1756 2189 ἕτῶι
1772 2156 1863 2194 pour}

1837 2206 1844 2217 .

1806 2220 1858 2236 u-
