2137 2921
486 208 538 247 &6
799 202 1538 242 -PROBATIONES

498 307 548 341 ad
562 315 611 339 res
631 306 760 348 quisque
778 308 945 347 privatas,
980 311 1077 344 aequo
1095 302 1174 345 sure
1195 308 1331 335 utuntur
1345 312 1357 334 .·
1395 303 1497 349 Quod
1513 304 1558 338 ad
1573 303 1738 344 statfonem
1756 311 1862 338 autem

496 359 749 401 dignitatemque
759 356 941 399 publicam,
967 356 1078 395 prouti
1098 354 1216 397 singuli
1240 356 1275 386 in
1297 364 1331 386 re
1355 356 1468 396 aliqud
1483 354 1562 396 sunt
1583 357 1706 388 eximii.
1735 357 1862 398 Quibus

502 409 608 440 verbis
635 407 866 447 Thucydideus
887 406 1022 437 Pericles
1043 407 1279 438 Democratiam
1303 406 1526 438 Atheniensem
1550 407 1749 449 Oligarchiae
1766 407 1863 438 mani-

505 458 585 490 festo
603 458 759 497 opponit,
777 456 1088 496 nonAristocratiae.
1105 457 1149 489 Et
1161 467 1236 489 vero
1248 458 1311 489 hoc
1322 457 1506 497 discrimen,
1530 465 1629 489 aetate
1646 457 1770 496 quidem
1783 458 1866 490 Peri-

503 509 562 541 clis
584 519 620 540 ac
633 507 836 547 Thucydidis
849 530 858 546 ‚
875 516 1030 548 perpetuo
1051 508 1255 540 observarunt
1271 508 1448 549 Scriptores
1461 508 1582 540 Attici:
1605 508 1714 547 Atque
1732 508 1867 540 saluber-

503 561 616 592 rimum
635 560 711 592 illud
727 560 822 599 Reip.
843 560 922 590 bene
942 558 1126 590 constitutae
1143 565 1415 599 temperamentum
1436 559 1479 590 est
1491 584 1502 600 ‚
1524 569 1583 600 pro
1599 559 1689 599 cujus
1707 559 1867 599 perpetui-

506 619 570 643 tate
593 619 668 644 vota
687 611 810 650 suscipit
828 610 948 641 Patriae
971 609 1193 641 amantiffimus
1215 610 1501 643 Anscnuus:
1530 610 1567 642 In
1588 620 1626 642 eo
1648 610 1764 650 quippe
1788 609 1868 641 Dra-

501 670 604 701 mme,
639 662 693 694 ubi
720 662 892 702 perfeetum
921 660 1020 700 Regis
1045 669 1117 691 cutn
1139 661 1262 702 Populo
1292 660 1347 693 suo
1370 662 1498 694 consilia
1522 661 1575 693 sua
1602 661 1866 694 communicantis

501 714 659 755 exemplar
685 713 833 752 exhibet,
857 712 911 744 sub
938 711 1117 743 Danaidum
1138 711 1289 752 persona,
1312 712 1395 744 inter
1417 714 1475 746 alia
1490 713 1636 753 egregia,
1659 713 1719 744 hoc
1739 722 1867 753 quoque

505 773 615 806 optat,
639 764 779 805 (Suppl.
800 774 834 796 v.
853 763 950 803 706.)
980 764 1007 781 “
1030 770 1065 794 ut
1086 763 1202 802 vulgus
1221 762 1337 795 civium
1355 764 1411 796 fibi
1433 772 1558 798 caveret
1574 773 1590 795 a
1606 764 1867 803 contemnendis,

505 839 534 857 ,‚
557 817 611 856 qui
628 819 661 848 in
676 816 804 847 civitate
815 821 923 853 erant,
944 815 1200 855 Magistratibus3
1221 821 1319 853 utque
1334 813 1453 854 semper
1464 816 1505 854 ii,
1523 817 1577 857 qui
1594 815 1804 855 principatum
1821 822 1868 847 te-

508 891 535 909 „
558 875 669 901 nerent
685 868 717 900 in
735 867 914 908 Republica
925 890 936 906 ,
958 866 1086 899 consilia
1100 865 1153 898 sua
1167 866 1300 905 provide
1315 875 1388 898 cum
1403 865 1527 908 Populo
1544 867 1829 899 communicarent.
1841 865 1863 880 ’⁹

832 968 968 998 ovida-roa
992 969 1018 998 τ’
1045 967 1157 1006 :aristolaus
1179 967 1262 1004 τιμὰς
1314 992 1317 995 ,

827 1019 864 1050 '1³⁰
887 1019 973 1053 δέμων
988 1031 996 1040 ·
1020 1022 1065 1051 τὶν
1087 1021 1177 1049 urbm
1200 1014 1323 1056 zfyw'ru

827 1072 983 1110 Πςομοιθεὸς
1005 1070 1172 1107 εὖκοινόμηἾις
1195 1068 1286 1109 ἄςχοὲ.

499 1190 588 1203 --
609 1175 811 1213 ‘salibusque
837 1181 897 1212 ego
922 1171 1002 1212 Juris
1030 1169 1061 1201 &
1089 1171 1183 1210 aequi
1210 1170 1243 1202 in
1268 1168 1427 1209 diligenda
1454 1168 1650 1210 colendaque
1675 1167 1762 1209 Rep.
1784 1167 1872 1208 prin-

498 1226 594 1267 cipiis
617 1224 812 1263 innutritus,
836 1232 917 1263 quae
943 1232 982 1254 ex
1004 1222 1222 1262 Scriptoribus
1249 1219 1385 1252 Graecis
1402 1219 1612 1260 Latinisque,
1635 1219 1766 1252 Lrvto
1782 1227 1871 1259 prae—

499 1278 604 1311 sertim
631 1276 662 1307 ὅτ.
682 1274 762 1307 Cxc
774 1283 921 1305 ERONE
938 1283 1028 1313 meo,
1053 1272 1212 1305 hauseram
1225 1293 1237 1310 ‚
1259 1279 1295 1301 ac
1311 1269 1444 1303 lectione
1461 1272 1610 1312 deinceps
1625 1280 1735 1303 eorum
1754 1271 1872 1310 etiam,

502 1328 560 1370 qui
578 1325 742 1368 praecipui
767 1323 940 1356 Libertatis
966 1323 1081 1356 Civilis
1100 1322 1279 1354 defensores
1298 1320 1329 1351 ἃ
1347 1320 1420 1353 sunt
1440 1320 1673 1361 &‘habentur‚
1704 1322 1869 1354 Locim

504 1380 777 1418 Stnnnjtque,
809 1376 1042 1413 confirmatus,
1072 1374 1110 1406 ab
1133 1373 1206 1413 ipfis
1233 1371 1371 1405 muneris
1401 1373 1462 1405 mei
1492 1375 1525 1406 in
1555 1372 1728 1406 Academia
1752 1371 1871 1403 Batava

501 1429 648 1470 auspiciis
665 1429 793 1469 publice
810 1428 972 1460 dicebam:
997 1427 1023 1445 “
1037 1425 1168 1465 optima
1183 1423 1279 1464 Reip.
1293 1423 1528 1457 constituendae
1542 1425 1645 1457 forma
1662 1433 1698 1456 ea
1711 1423 1755 1455 est
1766 1446 1778 1462 ,
1789 1431 1869 1462 quae

502 1503 531 1522 „
552 1480 724 1521 prudenter
750 1489 789 1511 ex
807 1479 913 1511 Plebis
939 1486 1033 1518 atque
1052 1475 1261 1516 optimatium
1279 1475 1412 1516 imperio
1433 1476 1477 1508 ita
1492 1476 1529 1509 fit
1543 1481 1735 1516 temperata,
1760 1480 1795 1505 ut
1815 1482 1868 1505 ne-

501 1556 530 1574 „
553 1542 614 1572 que
638 1531 782 1571 Populus
806 1531 844 1561 de
871 1530 990 1562 summes
1013 1528 1108 1567 Reip.
1134 1536 1273 1567 unquam
1297 1528 1509 1568 pronunciet,
1539 1529 1591 1561 vel
1614 1528 1645 1560 in
1665 1526 1794 1566 judiciis
1813 1525 1870 1557 do-

504 1607 532 1625 „
554 1585 712 1621 minetur,
736 1591 839 1621 neque
864 1582 1066 1621 Optimates‚
1091 1579 1129 1609 ab
1152 1579 1240 1610 omni
1265 1578 1529 1611 civium'suorum
1550 1578 1679 1610 arbitrio
1706 1578 1738 1608 in
1762 1585 1872 1608 crean-

501 1657 531 1676 „
554 1635 603 1666 dis
626 1633 865 1673 Magistratibus
891 1632 1002 1670 liberi,
1033 1630 1182 1662 Civitatis
1203 1629 1233 1660 se
1256 1631 1356 1670 magis
1385 1630 1532 1662 dominos
1555 1639 1648 1669 quam
1670 1629 1806 1661 restores
1823 1637 1871 1659 ar-

503 1709 530 1727 „
552 1686 723 1717 bitrentur.
768 1684 938 1717 Moderata
965 1682 1124 1723 ejusmodi
1148 1681 1170 1713 fi
1196 1683 1351 1722 probetur
1371 1681 1403 1714 in
1421 1681 1589 1721 Regimiue
1608 1680 1755 1719 mistura,
1777 1687 1870 1719 opta·

501 1759 528 1777 .„
551 1736 662 1769 tiffima
686 1736 776 1767 firnul
799 1735 898 1767 aderit
921 1735 1121 1776 aequalitas,
1150 1743 1216 1765 non
1237 1732 1292 1765 ista
1308 1741 1388 1772 quae
1406 1741 1445 1764 ex
1467 1732 1604 1772 plurium
1630 1740 1710 1765 voto
1728 1731 1869 1764 omnibus

502 1810 530 1828 „
554 1787 658 1827 idem,
680 1787 733 1819 sed
760 1797 795 1819 ea
818 1796 899 1827 quae
915 1787 1008 1827 ficum
1022 1785 1158 1828 singulis
1177 1786 1315 1825 tribuat,
1337 1794 1397 1826 pro
1418 1784 1569 1824 dignitate
1587 1791 1745 1824 quemque
1767 1781 1872 1813 hono·

502 1861 532 1879 9,
553 1845 602 1871 ret
620 1861 632 1878 ‚
661 1847 697 1871 ac
719 1839 821 1870 malos
844 1837 952 1876 cives,
981 1838 1177 1869 turbidarum
1200 1837 1378 1877 praesertim
1405 1845 1508 1868 rerum
1536 1835 1704 1874 auctores,
1737 1832 1768 1864 &
1792 1831 1870 1864 sedi-

502 1912 530 1930 „
552 1890 650 1922 tionis
670 1891 768 1923 duces
782 1914 793 1930 ,
817 1889 931 1931 poenis
951 1888 1081 1928 castiget
1099 1886 1346 1920 meritiffimisi’*
1363 1904 1444 1913 -——
1476 1887 1681 1926 Tantumque
1700 1892 1777 1916 tunc
1797 1884 1872 1915 abe-

501 1950 567 1975 ram
591 1942 629 1974 ab
652 1942 704 1974 illa
727 1941 957 1982 exspectatione
976 1940 1046 1973 fore
1069 1939 1263 1980 aliquando,
1292 1946 1330 1972 ut
1349 1939 1403 1979 qui
1421 1939 1464 1970 ita
1480 1938 1629 1978 sentiret,
1651 1937 1740 1969 velut
1764 1935 1871 1975 aliqua

502 1993 654 2026 horrendi
680 1993 826 2026 carminis
847 1994 940 2034 lege,
965 2012 1228 2025 ........
1251 1990 1314 2022 Sed
1332 1990 1371 2021 de
1389 1990 1425 2021 ea
1448 1989 1574 2029 quidem
1597 1998 1630 2021 re
1651 1987 1738 2020 filere
1763 1987 1870 2019 haste-

503 2053 565 2077 nus
587 2044 742 2085 praestat‚
773 2064 993 2078 .......
1024 2043 1198 2082 potiusque
1222 2040 1373 2082 exemplis
1394 2051 1492 2082 porro
1516 2040 1746 2079 demonstrare,
1780 2036 1869 2077 quod

504 2097 596 2137 supra
616 2096 900 2129 animadvertebam
913 2118 925 2135 ‚
948 2105 1059 2128 omnes
1076 2096 1206 2127 omnino
1231 2091 1409 2132 Scriptores
1431 2093 1575 2126 Graecos
1588 2115 1600 2131 ‚
1625 2091 1754 2123 Atticos
1779 2097 1869 2130 prae·

499 2147 631 2190 fiextim,
668 2148 724 2190 qui
751 2155 825 2182 ante
847 2147 1022 2181 Alexandri.
1043 2147 1157 2188 Magni
1180 2150 1314 2179 aetatem
1345 2143 1523 2177 floruerunt
1537 2165 1550 2184 ,
1586 2140 1768 2183 &aranga-1
1788 2141 1812 2172 i.
1837 2148 1869 2170 e.

1795 2197 1875 2223 temo
