2137 2921
488 228 544 260 20
826 208 1470 255 ORATIO

493 331 600 387 apud
627 326 894 372 Heliastarum
919 324 1142 375 Tribunal,
1179 324 1423 367 sustinuisset
1449 340 1460 366 z
1505 326 1684 377 Verum,
1716 339 1818 380 quae

497 428 578 460 tam
597 416 800 469 sapienter
825 414 1082 455 ordinaverat
1105 411 1260 464 Solon,
1288 423 1335 454 ut
1359 423 1584 467 temperata
1601 415 1725 466 Reip.
1744 426 1820 467 po-

496 503 645 557 pularis
673 501 860 542 conditio
892 512 1010 552 quam
1041 500 1262 553 longissime
1295 500 1449 542 abesset
1476 503 1525 542 ab
1559 498 1823 540 immoderata

495 590 684 630 libertate
715 588 751 628 &
785 587 949 639 quidvis
983 586 1158 627 audendi
1190 586 1356 627 licenti-3
1385 617 1398 638 ,
1437 609 1480 618 -
1520 586 1825 639 prudentissima

502 675 605 717 haec
629 674 809 715 instituta
828 684 874 714 ut
893 681 1211 726 permanerent,
1243 684 1328 713 non
1354 673 1447 714 srvit
1466 672 1689 715 faffionum
1719 673 1827 713 inter

501 761 543 802 se
577 761 820 802 certantium
846 760 1090 810 aemulatio,
1121 770 1199 799 nec
1224 759 1368 810 populi
1391 768 1599 811 perpetuo
1623 760 1738 810 plura
1759 772 1829 800 cu·

499 849 654 903 pientis
673 847 834 888 levitas.
894 846 1155 898 Triumphis‚
1191 857 1292 897 quos
1311 845 1471 886 aPerfis
1493 853 1829 897 reportaverant,

505 935 763 977 ferocientes
784 931 1057 973 Athenienses
1086 934 1134 973 ab
1163 930 1365 982 Aristide,
1396 933 1491 973 cive
1520 933 1679 984 optimo
1705 962 1718 983 ‚
1758 932 1830 973 sed

503 1023 572 1063 cui
603 1021 738 1074 plebis
769 1016 888 1060 favor
921 1028 1062 1060 contra
1093 1020 1300 1059 aemulum
1329 1018 1651 1060 Themistoclem
1679 1030 1829 1072 perne-

504 1105 694 1149 cessarius
717 1114 826 1155 erat,
857 1103 1118 1145 extorserunt
1139 1104 1324 1157 Legem,
1355 1117 1433 1156 qua
1455 1104 1630 1145 summus
1659 1107 1701 1145 in
1729 1106 1833 1145 civi·

504 1203 590 1235 tate
620 1194 754 1233 honos
786 1203 880 1231 cum
912 1187 1049 1229 infima
1071 1190 1194 1240 plebe
1224 1192 1549 1231 communicatus
1569 1189 1649 1239 est3
1681 1190 1833 1232 deinde

504 1278 696 1321 statutum
718 1303 731 1324 ‚
771 1287 818 1317 ut
851 1275 1086 1315 Archontes
1123 1287 1207 1317 non
1236 1277 1408 1330 amplius
1449 1274 1646 1330 suffragiis
1686 1276 1833 1330 populi

507 1366 579 1407 sed
611 1365 717 1406 sorte
753 1372 999 1404 crearentur.
1060 1360 1165 1402 Cum
1194 1372 1330 1404 autem
1350 1362 1434 1404 sors
1458 1362 1605 1403 Pericli
1627 1373 1835 1415 nunquam

511 1450 675 1495 favisset
704 1450 754 1491 ad
776 1450 900 1501 ,illum
926 1446 1196 1502 magistratum
1222 1449 1494 1490 obtinendum
1516 1479 1528 1499 ,
1567 1449 1724 1502 sibique
1753 1450 1835 1491 hoc

511 1540 629 1582 velut
654 1537 741 1578 fato
771 1535 926 1577 aditum
961 1533 1011 1575 ad
1042 1534 1378 1588 Areopagitarum
1414 1534 1552 1576 sedem
1580 1535 1834 1588 praeclusum

513 1625 704 1673 videret3
734 1634 827 1662 cum
851 1631 1063 1673 praeterea
1083 1620 1192 1661 ferre
1213 1633 1297 1661 non
1320 1620 1476 1674 poss‘et,
1508 1620 1686 1662 austeros
1709 1620 1836 1661 hosce

514 1722 673 1751 morum
703 1707 894 1750 censores
921 1706 1019 1756 sibi,
1050 1706 1120 1757 qui
1153 1706 1262 1748 solus
1293 1719 1459 1760 regnare
1490 1708 1708 1762 cupiebat,
1735 1707 1838 1748 Iibe-

517 1809 606 1838 rum
629 1796 732 1837 istud
755 1793 971 1845 imperium
993 1793 1266 1845 intercipere,
1285 1805 1360 1846 per
1377 1793 1657 1845 interpositam
1670 1792 1839 1845 Ephial-

514 1893 579 1924 rae
619 1880 832 1934 personam
856 1909 869 1929 ,
911 1870 982 1929 qui
1020 1879 1204 1919 melioris
1243 1878 1422 1932 pectoris
1455 1890 1573 1930 quam
1602 1878 1749 1930 judicii
1776 1879 1841 1918 vir

519 1966 641 2010 caeca
660 1965 861 2008 libertatis
891 1965 1099 2017 popularis
1121 1965 1315 2018 cupidine
1338 1963 1573 2014 ferebatur,
1602 1985 1645 1996 -
1672 1964 1841 2017 Ephial-

517 2064 582 2096 tae
607 2085 619 2104 ‚
659 2053 846 2104 inquam,
879 2049 1004 2102 opera
1032 2051 1212 2092 Pericles
1243 2050 1411 2100 effecit,
1442 2059 1489 2090 ut
1521 2049 1754 2091 severissimi
1783 2061 1841 2093 at-

519 2152 598 2196 que
618 2135 809 2193 justissimi
834 2134 1050 2179 Confessus
1082 2137 1341 2180 saluberrima
1370 2135 1584 2179 auctoritas
1616 2138 1659 2179 in
1686 2137 1841 2179 tuendo

1721 2223 1849 2277 Reip.
