2137 2921
540 201 645 248 DE
705 198 1093 243 SOCRATE
1152 198 1371 243 CIVE.
1568 217 1617 256 19

287 326 411 371 altera
439 333 553 377 parte
586 329 842 362 momentum
876 319 1041 370 aliquod
1061 349 1073 369 ‚
1113 318 1226 371 quod
1262 320 1610 362 contra-nitentis

287 412 498 467 potentiae
527 408 732 462 popularis
755 406 917 457 pondus
947 406 1163 446 cohiberet
1188 420 1198 446 z
1239 407 1374 458 Atque
1409 406 1529 458 hujus
1563 408 1611 447 li.

286 495 485 541 bramenti
526 508 618 535 cum
652 494 784 534 variae
817 491 983 532 fuerunt
1025 494 1201 532 rationes
1228 522 1240 541 ‚
1284 500 1372 532 tum
1415 500 1497 533 tres
1542 495 1609 535 hic

288 586 461 627 maxime
494 579 763 633 spectandae:
811 577 940 616 Prima
961 607 973 626 ‚
1014 578 1149 627 quod,
1180 577 1292 616 aucta
1322 578 1359 617 &
1389 578 1605 620 constituta

287 668 493 721 Areopagi
523 664 783 713 auctoritate,
815 663 940 702 Solon
960 663 1039 703 hoc
1055 663 1286 703 Concilium
1305 662 1462 714 jufferit
1486 665 1606 716 ipsius

286 757 434 810 Populi
467 751 550 793 esse
581 749 804 790 Censorem
828 780 840 799 ‚
890 749 1051 802 Legum
1089 751 1326 802 veterisque
1366 750 1603 801 disciplinae

287 841 498 884 custodem
537 846 657 887 atque
701 835 943 875 vindicem:
998 835 1090 887 Qua
1124 837 1328 888 Areopagi
1371 835 1606 875 auctoritate

287 927 469 971 censoria
496 923 656 964 frenum
686 920 831 972 injecit
861 921 1117 961 turbulentae
1137 921 1427 962 Democratiae
1458 933 1508 961 eo
1537 933 1606 964 var

285 1017 407 1057 lidius
433 1043 445 1063 ‚
497 1007 608 1062 quod
647 1018 769 1047 nemo
792 1038 804 1057 ,
858 1007 932 1048 nifi
981 1007 1050 1058 qui
1091 1007 1260 1047 Archon
1292 1005 1456 1058 fuerat,
1500 1009 1607 1049 inte-r

285 1100 488 1143 Censores
519 1095 612 1135 istos
645 1093 1017 1144 Moderatoresque
1049 1094 1171 1144 Reip.
1196 1093 1465 1145 adlegeretur.
1522 1094 1608 1134 Ve-

284 1188 364 1228 tuit
399 1192 535 1224 autem
572 1181 682 1220 idem
724 1178 882 1230 (atque
922 1179 1023 1217 haec
1066 1178 1124 1217 est
1164 1178 1339 1219 secunda
1375 1180 1612 1229 libramenti

284 1269 421 1323 ratio)
452 1279 503 1308 ne
519 1296 532 1317 ‚
564 1276 655 1305 cum
678 1272 850 1314 quatuor
874 1261 1012 1302 forent
1038 1263 1202 1304 Civium
1222 1262 1386 1303 ordines
1409 1294 1422 1314 ‚
1450 1263 1605 1317 postre-

282 1370 348 1400 ma
376 1355 524 1403 clarus,
557 1361 876 1401 eorum-nempe
899 1351 967 1401 qui
993 1352 1125 1403 capite
1152 1349 1280 1391 effent
1300 1349 1435 1400 censi,
1465 1350 1516 1390 ad
1545 1349 1608 1391 su·
1645 1368 1647 1371 ·

282 1454 469 1499 premum
495 1441 537 1479 in
560 1439 740 1478 Civitate
774 1437 974 1476 honorem
1007 1436 1171 1489 poffent
1207 1436 1433 1488 adspirare,
1470 1447 1606 1489 neque

283 1528 477 1582 suffragiis
510 1527 662 1567 civium
697 1524 805 1562 inter
835 1522 1064 1563 Archontas
1098 1525 1215 1577 legi:
1277 1522 1445 1575 Quippe
1485 1523 1606 1566 tertia

283 1619 385 1659 haec
414 1614 494 1656 fuit
519 1612 660 1654 Soloni
685 1623 802 1660 cura,
836 1621 915 1659 ne,
947 1610 1288 1661 quemadmodum
1319 1609 1361 1648 in
1388 1608 1601 1660 Judicibus

284 1700 477 1744 Heliastis
513 1699 656 1739 aliisve
690 1695 996 1748 Magistratibus
1033 1697 1216 1737 creandis
1255 1707 1344 1735 mos
1383 1702 1499 1743 erat,
1547 1693 1602 1735 fic

285 1788 407 1828 etiam
430 1816 442 1835 ‚
483 1796 567 1824 non
597 1782 740 1834 populi
771 1780 930 1833 judicio
950 1812 963 1831 ,
1005 1781 1076 1821 sed
1107 1782 1204 1822 sorti
1241 1781 1568 1821 committeretur
1588 1809 1609 1833 2

284 1873 376 1925 quis
413 1871 521 1912 illam
560 1877 721 1909 teneret
753 1868 992 1920 dignitatem
1014 1898 1026 1917 ‚
1079 1880 1101 1907 a
1132 1870 1207 1918 qua
1227 1898 1239 1918 ,
1281 1847 1404 1907 isthac
1436 1865 1603 1917 quidem

286 1959 408 2010 Reip.
446 1965 611 2004 aetate,
663 1955 859 1995 maximae
898 1966 961 1994 res
996 1955 1237 2006 gerebantur
1259 1983 1272 2002 ,
1316 1952 1353 1992 δι
1397 1953 1448 1992 ad
1485 1964 1603 2004 quam

285 2056 407 2085 nemo
433 2043 720 2084 admittebatur
744 2071 757 2090 ‚
799 2040 872 2080 nisi
899 2042 968 2092 qui
998 2041 1204 2093 duplicem
1230 2051 1388 2079 morum
1421 2051 1465 2078 ac
1493 2039 1602 2079 vitae

286 2129 595 2183 probationem,
627 2127 800 2180 primum
827 2128 869 2167 in
887 2127 1037 2169 Senatu
1063 2127 1419 2181 Quingentorum‚
1451 2125 1599 2166 deinde

1026 2214 1060 2253 C
1095 2226 1115 2253 2
1498 2211 1609 2264 apud,
