2137 2921
536 205 587 253 36
871 196 1507 239 ORATlo

531 319 607 360 ciis
639 317 713 358 fibi
747 316 984 370 cognitum,
1015 314 1141 358 odisse
1174 316 1313 371 solet)
1344 316 1608 357 inimiciffimo
1628 326 1720 369 erga
1741 326 1855 368 prae-

532 414 745 456 ceptorem
784 404 932 444 animo.
991 404 1220 456 Pupugerat
1253 404 1463 443 hominem
1492 402 1661 444 foedum
1696 415 1741 443 ac
1776 412 1857 443 tur-

530 491 704 544 piffimae
735 491 940 542 voluptati
975 490 1160 530 deditum
1191 490 1330 530 severa
1357 491 1532 531 Socratis
1564 489 1851 542 reprehensio,

533 592 611 632 qua
653 578 893 631 pudendum
924 577 997 629 ips1
1041 590 1218 619 amorem
1260 578 1592 630 exprobraverat.
1652 576 1718 618 Ad
1749 576 1857 616 hunc

533 667 704 707 Critiam
728 663 943 715 sociosque
969 664 1182 715 Tyrannos
1215 665 1392 706 Socratis
1423 663 1528 705 dic‘ta
1554 664 1604 704 de
1629 663 1861 704 minuendis

533 753 726 794 armentis
745 765 766 792 a
789 752 1174 801 calumniatoribus,
1207 753 1346 803 quales
1369 749 1556 804 oppressfi
1575 752 1765 790 libertate
1790 749 1862 790 de-

531 840 626 881 sunt
663 850 892 892 nunquam‚
926 838 1059 879 delata
1089 838 1192 879 sunt.
1251 839 1415 891 Itaque,
1447 847 1535 878 tum
1563 847 1752 878 veterem
1775 846 1864 877 tum

531 937 768 976 recentem,
793 925 977 977 injuriam
1002 926 1159 966 ulturus
1184 925 1356 976 Critias,
1379 937 1473 966 cum
1492 925 1679 965 Charicle
1701 923 1751 964 ad
1771 922 1867 962 scri-

529 1015 684 1057 bendas
703 1014 817 1067 leges
841 1011 1111 1062 constitutus,
1144 1014 1305 1061 vetuit,
1336 1024 1389 1052 ne
1424 1012 1513 1063 quis
1537 1011 1703 1051 dicendi
1735 1020 1864 1052 artem

529 1103 717 1146 doceret.
752 1098 871 1140 Hanc
891 1108 1019 1139 artem
1041 1109 1126 1138 non
1147 1097 1322 1138 docebat
1335 1097 1547 1147 Socrates,
1572 1095 1645 1137 nifi
1668 1106 1866 1150 quatenus

615 1230 798 1274 Dicendi
819 1229 921 1271 reae
931 1229 1080 1284 sapere
1106 1230 1156 1283 est
1178 1227 1489 1284 &principium
1517 1227 1562 1269 ἐξ
1573 1228 1684 1281 fons.

534 1353 776 1397 Constanter
804 1354 901 1404 ille,
933 1362 1052 1403 quam
1086 1351 1214 1390 semel
1244 1349 1441 1404 ingreffus
1465 1359 1578 1399 erat,
1608 1351 1717 1391 viam
1737 1362 1867 1403 porro

531 1442 770 1496 persecutus
811 1439 881 1481 est.
951 1439 1204 1492 Juvenibus‚
1247 1446 1294 1476 ut
1335 1445 1452 1486 ante,
1485 1435 1615 1476 adfuit
1648 1436 1835 1488 quotidie
1853 1467 1871 1487 ,.

537 1529 722 1570 semitam
746 1529 826 1567 illis
852 1525 1075 1567 monstrans
1107 1525 1268 1565 arduam
1300 1522 1337 1562 &
1358 1523 1563 1564 difficilem
1580 1553 1592 1573 ‚
1623 1522 1693 1563 sed
1714 1522 1867 1563 solidae

536 1616 665 1658 laudis
687 1612 923 1667 frugiferam
938 1643 950 1662 ,
984 1625 1060 1664 qua
1088 1625 1163 1664 per
1185 1612 1382 1652 virtutem
1403 1610 1452 1651 ad
1469 1622 1607 1651 veram
1627 1609 1871 1649 felicitatem

528 1704 804 1747 eniterentur.
864 1700 991 1752 Igitur
1016 1701 1222 1739 Socratem
1243 1710 1377 1738 coram
1402 1697 1445 1737 se
1466 1697 1502 1737 ἀ
1524 1697 1711 1738 Charicle
1735 1710 1866 1738 arces-

535 1789 621 1830 sere
658 1800 742 1827 non
769 1786 917 1838 puduit
950 1787 1147 1836 Critiam,
1175 1808 1217 1816 —
1248 1797 1340 1825 eum
1368 1784 1498 1836 ipsum
1534 1785 1767 1834 Socratem,
1805 1784 1867 1824 vi-

540 1887 627 1915 rum
660 1873 1054 1922 innocentiffimurn,
1095 1872 1211 1924 qu'us
1246 1870 1326 1924 (ut
1358 1871 1457 1911 olim
1490 1868 1763 1922 Alcibiades)
1796 1870 1867 1910 vel

538 1962 668 2002 solum
701 1959 935 2011 adspectum
968 1959 1104 1999 vereri
1141 1958 1176 1998 ἀ
1209 1957 1426 1998 formidare
1451 1957 1647 1997 debuerat
1668 1956 1866 2008 bipedum
1902 1966 1907 1975 ·

532 2047 814 2098 nequiffimus:
850 2046 1006 2086 Verum
1037 2045 1130 2085 talia
1156 2046 1250 2084 tulit
1271 2043 1485 2097 responsa,
1518 2056 1619 2097 quae
1645 2044 1775 2096 ipsum
1798 2055 1865 2083 ru-

534 2137 635 2176 bore
658 2133 965 2176 suffunderent:
997 2133 1184 2185 Cumque
1210 2144 1288 2174 nec
1315 2142 1435 2174 torvo
1469 2132 1753 2184 Tyrannorum
1775 2132 1866 2171 vul-

1821 2227 1869 2257 m
