2137 2921
443 209 470 245 2⁴
796 197 1431 241 ORATIO

449 321 520 371 Id,
554 331 647 359 cum
681 317 731 357 de
775 316 964 358 omnibus
1002 326 1147 355 verum
1190 314 1261 365 fit,
1293 324 1380 355 tum
1413 316 1588 356 maxime
1620 316 1671 357 de
1700 318 1774 368 iis,

451 408 521 460 qui
552 404 824 457 elegantiores
854 403 990 440 literas
1020 402 1058 441 &
1087 402 1339 452 antiquarum
1369 413 1502 441 rerum
1534 405 1674 443 colunt
1694 417 1779 444 me·

453 494 646 540 moriam,
679 488 874 530 adfirmari
908 486 1057 539 potest.
1118 487 1279 540 Fingite
1315 489 1435 528 vobis
1465 489 1641 542 aliquem
1664 521 1677 541 ,
1709 492 1778 543 qui

456 594 476 622 a
498 580 626 631 prima
645 577 862 628 juventute
889 576 963 615 hac
987 573 1199 626 disciplina
1220 574 1444 615 delec'tatus
1463 576 1509 616 s1t
1526 607 1538 626 ,
1570 578 1625 617 ita
1647 585 1783 617 tamen

459 664 683 708 dele&atus
698 694 710 713 ‚
740 672 787 703 ut
807 662 962 703 veteris
984 662 1075 701 aevi
1099 662 1288 713 exempla
1307 674 1390 702 non
1418 663 1681 714 conquireret
1700 664 1782 705 ina·

458 755 566 794 niter
588 749 793 799 curiosuS,
827 748 1136 799 onerandaeque
1169 749 1293 801 magis
1317 761 1436 801 quam
1466 751 1666 790 ornandae
1697 762 1784 790 me·

460 839 613 881 moriae
639 836 839 890 cupidu3‚
871 834 941 875 sed
964 844 1010 875 ut
1032 834 1127 875 inde
1159 835 1232 876 fibi
1260 836 1478 889 colligeret
1499 846 1716 889 praecepta
1738 837 1788 879 ad

459 927 571 968 vitae
603 924 833 965 communis
860 922 1000 972 usum,
1033 923 1071 963 &
1101 924 1235 963 omnia
1260 922 1466 966 societatis
1499 925 1634 965 civilis
1657 924 1788 965 officia

459 1013 625 1066 plenius
660 1010 890 1060 ree'tiusque
933 1008 1191 1061 praestanda:
1235 1009 1400 1064 Fingite
1432 1012 1541 1051 hunc
1575 1011 1787 1052 hominem

459 1101 501 1140 in
531 1111 577 1139 ea
604 1098 787 1138 incidere
817 1105 1029 1146 tempora,
1061 1096 1250 1146 quando,
1282 1095 1501 1138 dissociatis
1531 1099 1685 1138 civium
1707 1098 1792 1138 ani-

462 1186 565 1236 mis,
596 1184 665 1227 alii
692 1183 779 1222 aliis
809 1180 950 1220 favent
971 1182 1178 1232 partibus3
1207 1183 1271 1231 &,
1302 1182 1499 1234 gliscente
1528 1184 1570 1223 in
1603 1183 1691 1223 dies
1712 1195 1792 1224 ma-

466 1272 526 1326 gis
547 1270 756 1323 magisque
780 1264 1003 1317 discordia,
1036 1266 1318 1309 difficillimum
1343 1268 1508 1309 tandem
1530 1268 1575 1309 fit
1598 1270 1704 1310 inter
1727 1278 1792 1312 tot

464 1371 510 1400 ac
535 1365 645 1398 tanta
673 1355 767 1396 odia
790 1363 924 1394 tutum
949 1353 1064 1394 fimul
1096 1352 1177 1395 effe
1209 1355 1248 1395 &
1279 1356 1478 1408 propofiti
1501 1366 1706 1409 perpetuo
1730 1366 1792 1398 te-

465 1456 636 1487 nacem:
667 1443 830 1496 Fingite
863 1441 985 1482 vobis
1007 1471 1022 1491 ,
1059 1441 1248 1494 inquam,
1282 1444 1403 1484 talem
1432 1443 1670 1484 hominem:
1703 1443 1795 1485 Ne-

469 1530 575 1573 cesse
601 1530 772 1571 omnino
800 1528 857 1570 est
878 1559 890 1579 ‚
931 1537 978 1568 ut
1009 1529 1193 1582 ingenita
1218 1531 1277 1570 illi
1309 1530 1463 1582 cupido
1494 1529 1536 1571 se
1564 1530 1706 1572 efferat
1729 1543 1794 1572 res

468 1618 701 1672 praesentes
734 1615 993 1668 comparandi
1020 1628 1113 1656 cum
1137 1618 1340 1669 antiquis,
1378 1629 1548 1669 eamque
1575 1617 1795 1659 divinatio-

468 1717 564 1747 nem
585 1702 833 1751 adhibendi,
865 1714 966 1752 quae
988 1701 1070 1742 sola
1091 1715 1186 1743 vera
1204 1703 1260 1743 est
1285 1704 1322 1744 δε
1341 1716 1545 1756 nunquam
1569 1702 1702 1754 fallit,
1735 1705 1797 1756 ip-

471 1792 551 1833 sam
580 1790 772 1830 nimirum
799 1789 1060 1841 prudentiam
1093 1789 1143 1830 de
1173 1788 1322 1830 futuris
1352 1802 1404 1830 ex
1437 1791 1667 1842 praeteritis
1689 1791 1799 1843 J'udi·

472 1886 647 1919 cantem.
702 1876 895 1916 Naturae
921 1884 1120 1930 paremus
1153 1889 1313 1925 omne&
1340 1878 1379 1918 &
1409 1875 1497 1916 fieri
1520 1889 1602 1917 non
1622 1876 1758 1928 potest
1778 1907 1793 1928 ,

476 1966 576 2018 quin
598 1964 781 2012 animus,
813 1962 866 2002 fic
899 1975 919 2003 a
952 1964 1104 2003 teneris
1132 1962 1260 2004 faetus
1293 1964 1332 2003 &
1365 1962 1600 2014 institutus,
1631 1965 1672 2004 in
1705 1976 1798 2004 ean-

474 2053 569 2093 dem
598 2051 821 2100 continuo,
856 2050 1010 2090 invitus
1037 2051 1137 2091 licet
1166 2051 1205 2091 δε
1232 2051 1534 2103 propemodum
1559 2050 1758 2091 relueitans
1781 2083 1796 2104 ‚

473 2138 679 2180 deferatur
715 2144 851 2177 tamen
888 2135 1097 2191 cogitandi
1132 2137 1279 2188 viam,
1314 2137 1426 2179 inter
1456 2138 1702 2179 calamitates
1729 2138 1800 2180 Pa·

1675 2225 1801 2277 triae,
