<?xml version="1.0" encoding="UTF-8"?>
<!DOCTYPE html PUBLIC "-//W3C//DTD XHTML 1.0 Transitional//EN"
    "http://www.w3.org/TR/xhtml1/DTD/xhtml1-transitional.dtd">
<html xmlns="http://www.w3.org/1999/xhtml" xml:lang="en" lang="en">
 <head>
  <title>
</title>
<meta http-equiv="Content-Type" content="text/html;charset=utf-8" />
  <meta name='ocr-system' content='tesseract 3.04.00' />
  <meta name='ocr-capabilities' content='ocr_page ocr_carea ocr_par ocr_line ocrx_word'/>
</head>
<body>
  <div class='ocr_page' id='page_1' title='image "./ioannisluzacorat1796luza_0058.png"; bbox 0 0 2137 2921; ppageno 0'>
   <div class='ocr_carea' id='block_1_1' title="bbox 503 197 1493 254">
    <p class='ocr_par' dir='ltr' id='par_1_1' title="bbox 503 197 1493 254">
     <span class='ocr_line' id='line_1_1' title="bbox 503 197 1493 254; baseline -0.004 -10"><span class='ocrx_word' id='word_1_1' title='bbox 503 214 563 254; x_wconf 80' lang='lat'>40</span> <span class='ocrx_word' id='word_1_2' title='bbox 853 197 1493 241; x_wconf 82' lang='lat' dir='ltr'>ORATIO</span> 
     </span>
    </p>
   </div>
   <div class='ocr_carea' id='block_1_2' title="bbox 505 313 1859 2113">
    <p class='ocr_par' dir='ltr' id='par_1_2' title="bbox 505 313 1859 2113">
     <span class='ocr_line' id='line_1_2' title="bbox 505 313 1839 374; baseline -0.001 -14"><span class='ocrx_word' id='word_1_3' title='bbox 505 317 736 374; x_wconf 84' lang='lat' dir='ltr'>potentiam</span> <span class='ocrx_word' id='word_1_4' title='bbox 767 314 903 366; x_wconf 83' lang='lat' dir='ltr'>suam,</span> <span class='ocrx_word' id='word_1_5' title='bbox 936 327 1019 369; x_wconf 89' lang='lat' dir='ltr'>quo</span> <span class='ocrx_word' id='word_1_6' title='bbox 1051 316 1230 370; x_wconf 82' lang='lat' dir='ltr'>plurium</span> <span class='ocrx_word' id='word_1_7' title='bbox 1249 313 1458 356; x_wconf 87' lang='lat' dir='ltr'>interesset</span> <span class='ocrx_word' id='word_1_8' title='bbox 1477 346 1490 366; x_wconf 86' lang='grc'>,</span> <span class='ocrx_word' id='word_1_9' title='bbox 1521 323 1568 355; x_wconf 92' lang='lat' dir='ltr'>ut</span> <span class='ocrx_word' id='word_1_10' title='bbox 1590 323 1741 367; x_wconf 87' lang='lat' dir='ltr'>patrata</span> <span class='ocrx_word' id='word_1_11' title='bbox 1767 314 1839 358; x_wconf 90' lang='lat' dir='ltr'>sub</span> 
     </span>
     <span class='ocr_line' id='line_1_3' title="bbox 509 401 1835 456; baseline -0.002 -11"><span class='ocrx_word' id='word_1_12' title='bbox 509 403 742 455; x_wconf 83' lang='lat' dir='ltr'>Tyrannide</span> <span class='ocrx_word' id='word_1_13' title='bbox 765 403 933 444; x_wconf 83' lang='lat' dir='ltr'>crimina</span> <span class='ocrx_word' id='word_1_14' title='bbox 959 404 1158 456; x_wconf 85' lang='lat' dir='ltr'>impunita</span> <span class='ocrx_word' id='word_1_15' title='bbox 1190 411 1412 443; x_wconf 83' lang='lat' dir='ltr'>manerent.</span> <span class='ocrx_word' id='word_1_16' title='bbox 1473 401 1600 455; x_wconf 82' lang='lat' dir='ltr'>Igitur</span> <span class='ocrx_word' id='word_1_17' title='bbox 1626 401 1835 451; x_wconf 84' lang='lat' dir='ltr'>solebant,</span> 
     </span>
     <span class='ocr_line' id='line_1_4' title="bbox 508 489 1840 543; baseline -0.002 -11"><span class='ocrx_word' id='word_1_18' title='bbox 508 491 538 532; x_wconf 83' lang='lat' dir='ltr'>s1</span> <span class='ocrx_word' id='word_1_19' title='bbox 567 502 692 543; x_wconf 87' lang='lat' dir='ltr'>quem</span> <span class='ocrx_word' id='word_1_20' title='bbox 734 491 856 531; x_wconf 86' lang='lat' dir='ltr'>morti</span> <span class='ocrx_word' id='word_1_21' title='bbox 895 490 1179 541; x_wconf 80' lang='lat' dir='ltr'>destinaffent,</span> <span class='ocrx_word' id='word_1_22' title='bbox 1220 490 1309 530; x_wconf 84' lang='lat' dir='ltr'>aliis</span> <span class='ocrx_word' id='word_1_23' title='bbox 1342 490 1502 529; x_wconf 88' lang='lat' dir='ltr'>civibus</span> <span class='ocrx_word' id='word_1_24' title='bbox 1532 489 1748 538; x_wconf 84' lang='lat' dir='ltr'>mandare,</span> <span class='ocrx_word' id='word_1_25' title='bbox 1793 498 1840 529; x_wconf 90' lang='lat' dir='ltr'>ut</span> 
     </span>
     <span class='ocr_line' id='line_1_5' title="bbox 509 575 1840 629; baseline -0.003 -9"><span class='ocrx_word' id='word_1_26' title='bbox 509 578 713 620; x_wconf 60' lang='lat' dir='ltr'>vietimam</span> <span class='ocrx_word' id='word_1_27' title='bbox 753 577 997 618; x_wconf 84' lang='lat' dir='ltr'>arceffcrent</span> <span class='ocrx_word' id='word_1_28' title='bbox 1041 586 1312 629; x_wconf 78' lang='lat' dir='ltr'>curarentque</span> <span class='ocrx_word' id='word_1_29' title='bbox 1357 576 1618 618; x_wconf 69' lang='lat' dir='ltr'>ma6tandam.</span> <span class='ocrx_word' id='word_1_30' title='bbox 1647 598 1690 607; x_wconf 94' lang='lat'>—</span> <span class='ocrx_word' id='word_1_31' title='bbox 1729 579 1759 600; x_wconf 75' lang='lat'>‘⁶</span> <span class='ocrx_word' id='word_1_32' title='bbox 1786 575 1840 617; x_wconf 86' lang='lat' dir='ltr'>Et</span> 
     </span>
     <span class='ocr_line' id='line_1_6' title="bbox 514 663 1843 718; baseline -0.003 -11"><span class='ocrx_word' id='word_1_33' title='bbox 514 697 543 717; x_wconf 88' lang='lat'>,‚</span> <span class='ocrx_word' id='word_1_34' title='bbox 576 667 678 707; x_wconf 89' lang='lat' dir='ltr'>haec</span> <span class='ocrx_word' id='word_1_35' title='bbox 713 665 881 717; x_wconf 88' lang='lat' dir='ltr'>quidem</span> <span class='ocrx_word' id='word_1_36' title='bbox 916 664 1157 718; x_wconf 80' lang='lat' dir='ltr'>(Socratis,</span> <span class='ocrx_word' id='word_1_37' title='bbox 1190 663 1403 703; x_wconf 25' lang='lat' dir='ltr'>referente*</span> <span class='ocrx_word' id='word_1_38' title='bbox 1436 675 1718 715; x_wconf 73' lang='lat' dir='ltr'>PLAToNE‚</span> <span class='ocrx_word' id='word_1_39' title='bbox 1750 663 1843 704; x_wconf 81' lang='lat' dir='ltr'>sunt</span> 
     </span>
     <span class='ocr_line' id='line_1_7' title="bbox 513 749 1845 807; baseline -0.003 -13"><span class='ocrx_word' id='word_1_40' title='bbox 513 784 544 805; x_wconf 64' lang='lat'>2,</span> <span class='ocrx_word' id='word_1_41' title='bbox 575 753 740 807; x_wconf 79' lang='lat' dir='ltr'>verba)</span> <span class='ocrx_word' id='word_1_42' title='bbox 771 775 811 782; x_wconf 90' lang='lat'>—</span> <span class='ocrx_word' id='word_1_43' title='bbox 841 752 878 793; x_wconf 84' lang='lat'>&amp;</span> <span class='ocrx_word' id='word_1_44' title='bbox 899 754 1001 793; x_wconf 85' lang='lat' dir='ltr'>haec</span> <span class='ocrx_word' id='word_1_45' title='bbox 1032 751 1201 803; x_wconf 85' lang='lat' dir='ltr'>quidem</span> <span class='ocrx_word' id='word_1_46' title='bbox 1235 752 1276 790; x_wconf 92' lang='lat' dir='ltr'>in</span> <span class='ocrx_word' id='word_1_47' title='bbox 1298 749 1625 800; x_wconf 86' lang='lat' dir='ltr'>istis-Comitiis‚</span> <span class='ocrx_word' id='word_1_48' title='bbox 1657 752 1730 791; x_wconf 90' lang='lat' dir='ltr'>ubi</span> <span class='ocrx_word' id='word_1_49' title='bbox 1755 751 1845 790; x_wconf 86' lang='lat' dir='ltr'>Du·</span> 
     </span>
     <span class='ocr_line' id='line_1_8' title="bbox 516 835 1845 892; baseline -0.003 -12"><span class='ocrx_word' id='word_1_50' title='bbox 516 871 547 891; x_wconf 84' lang='lat'>„</span> <span class='ocrx_word' id='word_1_51' title='bbox 580 851 650 880; x_wconf 85' lang='lat' dir='ltr'>ces</span> <span class='ocrx_word' id='word_1_52' title='bbox 697 840 872 882; x_wconf 85' lang='lat' dir='ltr'>damnati</span> <span class='ocrx_word' id='word_1_53' title='bbox 913 840 1028 889; x_wconf 81' lang='lat' dir='ltr'>sunt,</span> <span class='ocrx_word' id='word_1_54' title='bbox 1072 840 1164 892; x_wconf 82' lang='lat' dir='ltr'>egi,</span> <span class='ocrx_word' id='word_1_55' title='bbox 1204 850 1328 891; x_wconf 82' lang='lat' dir='ltr'>quum</span> <span class='ocrx_word' id='word_1_56' title='bbox 1360 837 1515 878; x_wconf 85' lang='lat' dir='ltr'>Civitas</span> <span class='ocrx_word' id='word_1_57' title='bbox 1552 836 1683 878; x_wconf 87' lang='lat' dir='ltr'>nostra</span> <span class='ocrx_word' id='word_1_58' title='bbox 1714 835 1845 877; x_wconf 59' lang='lat' dir='ltr'>forma</span> 
     </span>
     <span class='ocr_line' id='line_1_9' title="bbox 517 924 1845 981; baseline -0.005 -12"><span class='ocrx_word' id='word_1_59' title='bbox 517 960 546 981; x_wconf 84' lang='lat'>„</span> <span class='ocrx_word' id='word_1_60' title='bbox 578 928 786 981; x_wconf 85' lang='lat' dir='ltr'>regiminis</span> <span class='ocrx_word' id='word_1_61' title='bbox 828 928 1014 980; x_wconf 75' lang='lat' dir='ltr'>populari</span> <span class='ocrx_word' id='word_1_62' title='bbox 1057 926 1189 967; x_wconf 83' lang='lat' dir='ltr'>adhuc</span> <span class='ocrx_word' id='word_1_63' title='bbox 1232 935 1428 966; x_wconf 83' lang='lat' dir='ltr'>uteretur.</span> <span class='ocrx_word' id='word_1_64' title='bbox 1499 925 1580 965; x_wconf 89' lang='lat' dir='ltr'>Sub</span> <span class='ocrx_word' id='word_1_65' title='bbox 1612 924 1845 977; x_wconf 71' lang='lat' dir='ltr'>Oligarchia</span> 
     </span>
     <span class='ocr_line' id='line_1_10' title="bbox 517 1013 1848 1065; baseline -0.003 -9"><span class='ocrx_word' id='word_1_66' title='bbox 517 1044 546 1064; x_wconf 85' lang='lat'>„</span> <span class='ocrx_word' id='word_1_67' title='bbox 582 1027 712 1063; x_wconf 83' lang='lat' dir='ltr'>vero,</span> <span class='ocrx_word' id='word_1_68' title='bbox 745 1026 845 1065; x_wconf 79' lang='lat' dir='ltr'>quae</span> <span class='ocrx_word' id='word_1_69' title='bbox 879 1014 1061 1054; x_wconf 84' lang='lat' dir='ltr'>insecuta</span> <span class='ocrx_word' id='word_1_70' title='bbox 1092 1013 1172 1063; x_wconf 83' lang='lat' dir='ltr'>est,</span> <span class='ocrx_word' id='word_1_71' title='bbox 1205 1013 1521 1065; x_wconf 80' lang='lat' dir='ltr'>Triginta-Viri</span> <span class='ocrx_word' id='word_1_72' title='bbox 1545 1024 1610 1053; x_wconf 91' lang='lat' dir='ltr'>me</span> <span class='ocrx_word' id='word_1_73' title='bbox 1637 1024 1730 1052; x_wconf 86' lang='lat' dir='ltr'>cum</span> <span class='ocrx_word' id='word_1_74' title='bbox 1753 1023 1848 1065; x_wconf 89' lang='lat' dir='ltr'>qua-</span> 
     </span>
     <span class='ocr_line' id='line_1_11' title="bbox 516 1096 1848 1152; baseline -0.004 -9"><span class='ocrx_word' id='word_1_75' title='bbox 516 1132 548 1152; x_wconf 79' lang='lat'><strong>„</strong></span> <span class='ocrx_word' id='word_1_76' title='bbox 582 1110 675 1143; x_wconf 88' lang='lat' dir='ltr'>tuor</span> <span class='ocrx_word' id='word_1_77' title='bbox 696 1103 784 1143; x_wconf 84' lang='lat' dir='ltr'>aliis</span> <span class='ocrx_word' id='word_1_78' title='bbox 814 1101 1100 1143; x_wconf 83' lang='lat' dir='ltr'>arceffiverunt</span> <span class='ocrx_word' id='word_1_79' title='bbox 1122 1100 1164 1140; x_wconf 91' lang='lat' dir='ltr'>in</span> <span class='ocrx_word' id='word_1_80' title='bbox 1189 1099 1376 1148; x_wconf 82' lang='lat' dir='ltr'>Curiam,</span> <span class='ocrx_word' id='word_1_81' title='bbox 1408 1110 1508 1150; x_wconf 86' lang='lat' dir='ltr'>quae</span> <span class='ocrx_word' id='word_1_82' title='bbox 1543 1099 1585 1139; x_wconf 89' lang='lat' dir='ltr'>in</span> <span class='ocrx_word' id='word_1_83' title='bbox 1606 1098 1743 1139; x_wconf 88' lang='lat' dir='ltr'>Tholo</span> <span class='ocrx_word' id='word_1_84' title='bbox 1766 1096 1848 1147; x_wconf 91' lang='lat' dir='ltr'>est,</span> 
     </span>
     <span class='ocr_line' id='line_1_12' title="bbox 518 1183 1849 1241; baseline -0.002 -12"><span class='ocrx_word' id='word_1_85' title='bbox 518 1218 548 1240; x_wconf 86' lang='lat'>,‚</span> <span class='ocrx_word' id='word_1_86' title='bbox 580 1187 862 1241; x_wconf 84' lang='lat' dir='ltr'>jufferuntque</span> <span class='ocrx_word' id='word_1_87' title='bbox 894 1186 1100 1226; x_wconf 84' lang='lat' dir='ltr'>Leontem</span> <span class='ocrx_word' id='word_1_88' title='bbox 1137 1185 1395 1226; x_wconf 80' lang='lat' dir='ltr'>Salaminium</span> <span class='ocrx_word' id='word_1_89' title='bbox 1429 1195 1483 1224; x_wconf 81' lang='lat' dir='ltr'>ex</span> <span class='ocrx_word' id='word_1_90' title='bbox 1519 1183 1589 1224; x_wconf 71' lang='lat' dir='ltr'>ista</span> <span class='ocrx_word' id='word_1_91' title='bbox 1624 1185 1749 1226; x_wconf 68' lang='lat' dir='ltr'>insula</span> <span class='ocrx_word' id='word_1_92' title='bbox 1782 1184 1849 1226; x_wconf 88' lang='lat' dir='ltr'>ad-</span> 
     </span>
     <span class='ocr_line' id='line_1_13' title="bbox 519 1272 1852 1327; baseline -0.003 -11"><span class='ocrx_word' id='word_1_93' title='bbox 519 1307 549 1327; x_wconf 86' lang='lat'><strong>„</strong></span> <span class='ocrx_word' id='word_1_94' title='bbox 579 1276 731 1316; x_wconf 84' lang='lat' dir='ltr'>ducere</span> <span class='ocrx_word' id='word_1_95' title='bbox 765 1273 1120 1315; x_wconf 83' lang='lat' dir='ltr'>interficiendum:</span> <span class='ocrx_word' id='word_1_96' title='bbox 1157 1273 1325 1326; x_wconf 82' lang='lat' dir='ltr'>Quippe</span> <span class='ocrx_word' id='word_1_97' title='bbox 1356 1272 1393 1312; x_wconf 85' lang='lat'>&amp;</span> <span class='ocrx_word' id='word_1_98' title='bbox 1432 1272 1519 1313; x_wconf 82' lang='lat' dir='ltr'>aliis</span> <span class='ocrx_word' id='word_1_99' title='bbox 1554 1273 1693 1313; x_wconf 89' lang='lat' dir='ltr'>multis</span> <span class='ocrx_word' id='word_1_100' title='bbox 1725 1273 1852 1313; x_wconf 87' lang='lat' dir='ltr'>multa</span> 
     </span>
     <span class='ocr_line' id='line_1_14' title="bbox 522 1359 1853 1417; baseline -0.002 -15"><span class='ocrx_word' id='word_1_101' title='bbox 522 1394 553 1416; x_wconf 87' lang='lat'><strong>„</strong></span> <span class='ocrx_word' id='word_1_102' title='bbox 585 1362 855 1417; x_wconf 83' lang='lat' dir='ltr'>injungebant</span> <span class='ocrx_word' id='word_1_103' title='bbox 879 1361 996 1410; x_wconf 80' lang='lat' dir='ltr'>talia,</span> <span class='ocrx_word' id='word_1_104' title='bbox 1027 1370 1072 1401; x_wconf 89' lang='lat' dir='ltr'>ut</span> <span class='ocrx_word' id='word_1_105' title='bbox 1093 1361 1328 1412; x_wconf 82' lang='lat' dir='ltr'>complures</span> <span class='ocrx_word' id='word_1_106' title='bbox 1350 1360 1495 1412; x_wconf 87' lang='lat' dir='ltr'>culpae</span> <span class='ocrx_word' id='word_1_107' title='bbox 1515 1359 1588 1400; x_wconf 86' lang='lat' dir='ltr'>fibi</span> <span class='ocrx_word' id='word_1_108' title='bbox 1608 1359 1740 1400; x_wconf 83' lang='lat' dir='ltr'>socios</span> <span class='ocrx_word' id='word_1_109' title='bbox 1762 1359 1853 1400; x_wconf 85' lang='lat' dir='ltr'>red-</span> 
     </span>
     <span class='ocr_line' id='line_1_15' title="bbox 523 1444 1852 1503; baseline -0.005 -11"><span class='ocrx_word' id='word_1_110' title='bbox 523 1481 556 1503; x_wconf 85' lang='lat'><strong>„</strong></span> <span class='ocrx_word' id='word_1_111' title='bbox 590 1451 753 1492; x_wconf 86' lang='lat' dir='ltr'>derent.</span> <span class='ocrx_word' id='word_1_112' title='bbox 812 1449 930 1489; x_wconf 89' lang='lat' dir='ltr'>Tunc</span> <span class='ocrx_word' id='word_1_113' title='bbox 963 1460 1041 1502; x_wconf 84' lang='lat' dir='ltr'>ego</span> <span class='ocrx_word' id='word_1_114' title='bbox 1063 1459 1149 1489; x_wconf 91' lang='lat' dir='ltr'>non</span> <span class='ocrx_word' id='word_1_115' title='bbox 1167 1448 1305 1488; x_wconf 81' lang='lat' dir='ltr'>verbis</span> <span class='ocrx_word' id='word_1_116' title='bbox 1326 1445 1395 1486; x_wconf 89' lang='lat' dir='ltr'>sed</span> <span class='ocrx_word' id='word_1_117' title='bbox 1418 1444 1525 1486; x_wconf 57' lang='lat' dir='ltr'>fatto</span> <span class='ocrx_word' id='word_1_118' title='bbox 1551 1446 1852 1497; x_wconf 87' lang='lat' dir='ltr'>demonstravi,</span> 
     </span>
     <span class='ocr_line' id='line_1_16' title="bbox 522 1533 1850 1592; baseline -0.003 -14"><span class='ocrx_word' id='word_1_119' title='bbox 522 1570 554 1592; x_wconf 84' lang='lat'>,‚</span> <span class='ocrx_word' id='word_1_120' title='bbox 584 1538 685 1578; x_wconf 89' lang='lat' dir='ltr'>mihi</span> <span class='ocrx_word' id='word_1_121' title='bbox 706 1546 882 1579; x_wconf 87' lang='lat' dir='ltr'>mortem</span> <span class='ocrx_word' id='word_1_122' title='bbox 910 1547 996 1576; x_wconf 93' lang='lat' dir='ltr'>non</span> <span class='ocrx_word' id='word_1_123' title='bbox 1022 1533 1102 1576; x_wconf 85' lang='lat' dir='ltr'>effe</span> <span class='ocrx_word' id='word_1_124' title='bbox 1141 1546 1259 1576; x_wconf 86' lang='lat' dir='ltr'>curae</span> <span class='ocrx_word' id='word_1_125' title='bbox 1282 1566 1295 1586; x_wconf 90' lang='lat'><strong><em>,</em></strong></span> <span class='ocrx_word' id='word_1_126' title='bbox 1336 1533 1553 1587; x_wconf 84' lang='lat' dir='ltr'>(quamvis</span> <span class='ocrx_word' id='word_1_127' title='bbox 1574 1533 1683 1575; x_wconf 87' lang='lat' dir='ltr'>forte</span> <span class='ocrx_word' id='word_1_128' title='bbox 1711 1534 1850 1575; x_wconf 88' lang='lat' dir='ltr'>rudius</span> 
     </span>
     <span class='ocr_line' id='line_1_17' title="bbox 523 1620 1851 1677; baseline -0.005 -11"><span class='ocrx_word' id='word_1_129' title='bbox 523 1656 554 1677; x_wconf 85' lang='lat'>„</span> <span class='ocrx_word' id='word_1_130' title='bbox 584 1625 702 1677; x_wconf 85' lang='lat' dir='ltr'>loqui</span> <span class='ocrx_word' id='word_1_131' title='bbox 723 1623 926 1677; x_wconf 78' lang='lat' dir='ltr'>videar‚)</span> <span class='ocrx_word' id='word_1_132' title='bbox 953 1645 997 1654; x_wconf 89' lang='lat'>-</span> <span class='ocrx_word' id='word_1_133' title='bbox 1025 1632 1222 1672; x_wconf 82' lang='lat' dir='ltr'>mortem,</span> <span class='ocrx_word' id='word_1_134' title='bbox 1254 1622 1446 1673; x_wconf 82' lang='lat' dir='ltr'>inquam,</span> <span class='ocrx_word' id='word_1_135' title='bbox 1479 1633 1563 1661; x_wconf 92' lang='lat' dir='ltr'>non</span> <span class='ocrx_word' id='word_1_136' title='bbox 1594 1620 1675 1661; x_wconf 88' lang='lat' dir='ltr'>esse</span> <span class='ocrx_word' id='word_1_137' title='bbox 1704 1632 1851 1670; x_wconf 88' lang='lat' dir='ltr'>curae,</span> 
     </span>
     <span class='ocr_line' id='line_1_18' title="bbox 526 1705 1853 1764; baseline -0.005 -11"><span class='ocrx_word' id='word_1_138' title='bbox 526 1743 556 1764; x_wconf 88' lang='lat'>,‚</span> <span class='ocrx_word' id='word_1_139' title='bbox 589 1725 642 1753; x_wconf 88' lang='lat' dir='ltr'>ne</span> <span class='ocrx_word' id='word_1_140' title='bbox 660 1712 790 1752; x_wconf 86' lang='lat' dir='ltr'>hilum</span> <span class='ocrx_word' id='word_1_141' title='bbox 812 1710 1006 1764; x_wconf 77' lang='lat' dir='ltr'>quidem3</span> <span class='ocrx_word' id='word_1_142' title='bbox 1039 1710 1080 1750; x_wconf 91' lang='lat' dir='ltr'>id</span> <span class='ocrx_word' id='word_1_143' title='bbox 1103 1718 1240 1750; x_wconf 84' lang='lat' dir='ltr'>autem</span> <span class='ocrx_word' id='word_1_144' title='bbox 1260 1709 1382 1748; x_wconf 89' lang='lat' dir='ltr'>unice</span> <span class='ocrx_word' id='word_1_145' title='bbox 1406 1708 1508 1748; x_wconf 88' lang='lat' dir='ltr'>mihi</span> <span class='ocrx_word' id='word_1_146' title='bbox 1531 1708 1646 1749; x_wconf 84' lang='lat' dir='ltr'>cordi</span> <span class='ocrx_word' id='word_1_147' title='bbox 1665 1705 1769 1758; x_wconf 85' lang='lat' dir='ltr'>effe,</span> <span class='ocrx_word' id='word_1_148' title='bbox 1800 1719 1853 1747; x_wconf 83' lang='lat' dir='ltr'>ne</span> 
     </span>
     <span class='ocr_line' id='line_1_19' title="bbox 526 1794 1853 1852; baseline -0.005 -13"><span class='ocrx_word' id='word_1_149' title='bbox 526 1829 558 1851; x_wconf 86' lang='lat'>‚‚</span> <span class='ocrx_word' id='word_1_150' title='bbox 589 1799 689 1852; x_wconf 91' lang='lat' dir='ltr'>quid</span> <span class='ocrx_word' id='word_1_151' title='bbox 722 1797 892 1849; x_wconf 86' lang='lat' dir='ltr'>injuste,</span> <span class='ocrx_word' id='word_1_152' title='bbox 924 1809 977 1838; x_wconf 93' lang='lat' dir='ltr'>ne</span> <span class='ocrx_word' id='word_1_153' title='bbox 1010 1797 1109 1850; x_wconf 90' lang='lat' dir='ltr'>quid</span> <span class='ocrx_word' id='word_1_154' title='bbox 1139 1795 1295 1837; x_wconf 79' lang='lat' dir='ltr'>nefarie</span> <span class='ocrx_word' id='word_1_155' title='bbox 1334 1795 1525 1836; x_wconf 80' lang='lat' dir='ltr'>facerem.</span> <span class='ocrx_word' id='word_1_156' title='bbox 1587 1794 1755 1834; x_wconf 86' lang='lat' dir='ltr'>Etenim</span> <span class='ocrx_word' id='word_1_157' title='bbox 1789 1805 1853 1834; x_wconf 88' lang='lat' dir='ltr'>me</span> 
     </span>
     <span class='ocr_line' id='line_1_20' title="bbox 528 1882 1855 1939; baseline -0.003 -12"><span class='ocrx_word' id='word_1_158' title='bbox 528 1917 560 1939; x_wconf 83' lang='lat'>,‚</span> <span class='ocrx_word' id='word_1_159' title='bbox 593 1886 757 1927; x_wconf 90' lang='lat' dir='ltr'>istorum</span> <span class='ocrx_word' id='word_1_160' title='bbox 794 1886 978 1938; x_wconf 84' lang='lat' dir='ltr'>Triginta</span> <span class='ocrx_word' id='word_1_161' title='bbox 1008 1886 1219 1925; x_wconf 89' lang='lat' dir='ltr'>hominum</span> <span class='ocrx_word' id='word_1_162' title='bbox 1246 1883 1498 1932; x_wconf 81' lang='lat' dir='ltr'>dominatio,</span> <span class='ocrx_word' id='word_1_163' title='bbox 1532 1894 1651 1934; x_wconf 88' lang='lat' dir='ltr'>quam</span> <span class='ocrx_word' id='word_1_164' title='bbox 1678 1882 1794 1922; x_wconf 91' lang='lat' dir='ltr'>saeva</span> <span class='ocrx_word' id='word_1_165' title='bbox 1816 1882 1855 1923; x_wconf 70' lang='grc' dir='ltr'>δι</span> 
     </span>
     <span class='ocr_line' id='line_1_21' title="bbox 530 1970 1859 2026; baseline -0.004 -12"><span class='ocrx_word' id='word_1_166' title='bbox 530 2006 561 2026; x_wconf 83' lang='lat'>,‚</span> <span class='ocrx_word' id='word_1_167' title='bbox 593 1975 798 2026; x_wconf 85' lang='lat' dir='ltr'>impotens</span> <span class='ocrx_word' id='word_1_168' title='bbox 814 2003 826 2024; x_wconf 89' lang='lat'>,</span> <span class='ocrx_word' id='word_1_169' title='bbox 849 1983 1052 2024; x_wconf 86' lang='lat' dir='ltr'>nunquam</span> <span class='ocrx_word' id='word_1_170' title='bbox 1074 1972 1129 2012; x_wconf 85' lang='lat' dir='ltr'>ita</span> <span class='ocrx_word' id='word_1_171' title='bbox 1146 1971 1389 2023; x_wconf 83' lang='lat' dir='ltr'>perterruit,</span> <span class='ocrx_word' id='word_1_172' title='bbox 1408 1979 1454 2009; x_wconf 89' lang='lat' dir='ltr'>ut</span> <span class='ocrx_word' id='word_1_173' title='bbox 1478 1970 1694 2022; x_wconf 85' lang='lat' dir='ltr'>quicquam</span> <span class='ocrx_word' id='word_1_174' title='bbox 1716 1977 1859 2010; x_wconf 89' lang='lat' dir='ltr'>contra</span> 
     </span>
     <span class='ocr_line' id='line_1_22' title="bbox 529 2055 1855 2113; baseline -0.005 -11"><span class='ocrx_word' id='word_1_175' title='bbox 529 2092 560 2112; x_wconf 86' lang='lat'><strong>„</strong></span> <span class='ocrx_word' id='word_1_176' title='bbox 589 2061 653 2113; x_wconf 86' lang='lat' dir='ltr'>jus</span> <span class='ocrx_word' id='word_1_177' title='bbox 684 2061 1000 2100; x_wconf 83' lang='lat' dir='ltr'>committerem.</span> <span class='ocrx_word' id='word_1_178' title='bbox 1058 2059 1228 2111; x_wconf 88' lang='lat' dir='ltr'>Itaque,</span> <span class='ocrx_word' id='word_1_179' title='bbox 1258 2068 1305 2098; x_wconf 86' lang='lat' dir='ltr'>ut</span> <span class='ocrx_word' id='word_1_180' title='bbox 1341 2057 1476 2097; x_wconf 90' lang='lat' dir='ltr'>Tholo</span> <span class='ocrx_word' id='word_1_181' title='bbox 1525 2057 1659 2110; x_wconf 85' lang='lat' dir='ltr'>egreffi</span> <span class='ocrx_word' id='word_1_182' title='bbox 1692 2055 1855 2106; x_wconf 87' lang='lat' dir='ltr'><strong>sumus,</strong></span> 
     </span>
    </p>
   </div>
   <div class='ocr_carea' id='block_1_3' title="bbox 530 2142 1859 2200">
    <p class='ocr_par' dir='ltr' id='par_1_3' title="bbox 530 2142 1859 2200">
     <span class='ocr_line' id='line_1_23' title="bbox 530 2142 1859 2200; baseline -0.006 -10"><span class='ocrx_word' id='word_1_183' title='bbox 530 2180 562 2200; x_wconf 79' lang='lat'>‚,</span> <span class='ocrx_word' id='word_1_184' title='bbox 593 2148 744 2190; x_wconf 84' lang='lat' dir='ltr'>caeteri</span> <span class='ocrx_word' id='word_1_185' title='bbox 767 2156 940 2200; x_wconf 86' lang='lat' dir='ltr'>quatuor</span> <span class='ocrx_word' id='word_1_186' title='bbox 962 2157 1126 2189; x_wconf 87' lang='lat' dir='ltr'>mecum</span> <span class='ocrx_word' id='word_1_187' title='bbox 1159 2145 1326 2189; x_wconf 86' lang='lat' dir='ltr'>arceffiti</span> <span class='ocrx_word' id='word_1_188' title='bbox 1353 2145 1549 2187; x_wconf 82' lang='lat' dir='ltr'>Salamina</span> <span class='ocrx_word' id='word_1_189' title='bbox 1570 2142 1746 2198; x_wconf 71' lang='lat' dir='ltr'>profeffi</span> <span class='ocrx_word' id='word_1_190' title='bbox 1766 2142 1859 2183; x_wconf 81' lang='lat' dir='ltr'>sunt</span> 
     </span>
    </p>
   </div>
   <div class='ocr_carea' id='block_1_4' title="bbox 1730 2230 1860 2282">
    <p class='ocr_par' dir='ltr' id='par_1_4' title="bbox 1730 2230 1860 2282">
     <span class='ocr_line' id='line_1_24' title="bbox 1730 2230 1860 2282; baseline -0.008 -10"><span class='ocrx_word' id='word_1_191' title='bbox 1730 2260 1762 2282; x_wconf 65' lang='lat'>9,</span> <span class='ocrx_word' id='word_1_192' title='bbox 1792 2230 1860 2272; x_wconf 85' lang='lat' dir='ltr'>ad·</span> 
     </span>
    </p>
   </div>
  </div>
 </body>
</html>
