2137 2921
517 195 622 242 DE
683 194 1068 241 SOCRATE
1126 195 1336 239 CIVE.
1537 208 1588 252 3¹

273 316 460 359 navalem
489 315 539 357 ad
566 316 781 370 Arginusas
814 324 1123 369 reportaverant
1158 314 1250 356 osto
1284 315 1598 359 Atheniensium

271 405 442 454 Duces,
484 415 589 456 quos
623 405 731 445 inter
766 404 974 454 Pericles,
1013 404 1137 455 patris
1174 404 1322 456 gloria,
1356 404 1395 445 &
1421 404 1596 445 Diome-

272 491 384 542 don,
415 492 537 532 rebus
562 490 708 544 gestis,
736 491 889 531 virtute
917 490 954 529 δι
973 491 1154 541 pietate,
1184 490 1369 530 nobiles:
1403 490 1593 533 DeviStis

272 579 313 620 &
348 580 390 618 in
430 577 567 631 fugam
598 576 797 628 conjeaftis
832 577 1060 629 Spartanis,
1091 575 1229 617 merfis
1264 587 1382 628 quam
1411 578 1597 630 pluribus

271 675 415 705 eorum
450 665 650 715 navibus,
680 665 810 705 oritur
838 663 1083 718 tempestas3
1114 663 1151 704 δε
1180 675 1283 716 quos
1306 664 1524 718 pugnando
1547 667 1595 708 ab

269 751 583 793 Atheniensium
625 753 747 793 etiam
787 760 901 805 parte
943 763 1098 803 aequor
1137 750 1321 792 hauserat
1343 782 1357 802 ,
1405 764 1457 793 ne
1499 755 1597 795 mari

271 837 609 890 extraherentur,
650 850 891 892 quamquam
918 839 973 880 fic
1002 839 1234 880 mandarant
1268 838 1393 879 duces
1414 868 1428 889 ,
1467 840 1597 893 impe-

269 924 390 966 diunt
428 923 615 967 furentes
649 927 782 968 undae
820 927 1057 979 ventique:
1112 926 1344 980 Insepultos
1385 935 1453 967 aut
1485 930 1597 981 aquis

266 1013 438 1053 obrutos
471 1013 703 1067 relinquere
736 1013 899 1055 necesse
934 1014 1006 1054 est.
1054 1016 1112 1055 At
1145 1026 1248 1054 vero
1277 1016 1346 1066 qui
1373 1015 1416 1054 in
1439 1016 1597 1068 praelio

271 1100 575 1148 occubuerant,
626 1108 673 1139 ut
714 1100 840 1139 humo
877 1100 1161 1140 mandarentur
1200 1112 1342 1140 eorum
1375 1101 1596 1155 cadavera,

270 1184 439 1237 jubebat
470 1182 564 1225 Lex
588 1185 757 1233 Attica;
797 1185 867 1236 qui
899 1183 1015 1224 secus
1046 1183 1235 1235 feciffet,
1275 1185 1317 1225 id
1351 1187 1499 1239 capital
1525 1188 1599 1242 ipsi

270 1279 368 1313 erat.
424 1269 554 1311 Iidem
586 1271 673 1321 illi,
704 1272 774 1323 qui
804 1284 890 1312 rem
914 1272 1066 1324 patriae
1097 1280 1178 1313 tam
1209 1270 1398 1325 fortiter,
1430 1283 1512 1316 tam
1535 1275 1598 1317 fe·

270 1358 407 1398 liciter
446 1357 725 1409 restituerant,
756 1358 899 1399 Duces
925 1358 1092 1398 domum
1122 1369 1390 1411 revocantur,
1419 1363 1598 1406 violatae
1645 1413 1649 1416 ,

271 1443 398 1497 Legis
440 1444 677 1486 accusantur
717 1456 838 1497 atque
877 1446 1115 1497 impietatis.
1182 1445 1307 1488 Nihil
1342 1460 1425 1488 non
1470 1448 1597 1502 facit,

271 1532 400 1573 nullas
421 1544 506 1572 non
525 1532 694 1572 adhibet
714 1542 818 1573 artes
841 1534 1133 1574 malevolorum
1148 1563 1160 1583 ,
1192 1533 1461 1575 Theramenis
1483 1550 1598 1588 prae.

274 1618 410 1658 sertim
425 1648 436 1667 ,
461 1620 635 1668 malitia,
651 1621 759 1658 illius
783 1620 906 1671 ipsrus
921 1621 1187 1660 Theramenis
1202 1651 1213 1669 ,
1231 1622 1298 1659 cui
1320 1622 1597 1664 tollendorum

275 1715 328 1748 ex
362 1704 481 1744 undis
521 1704 803 1758 naufragorum
850 1718 985 1745 curam
1021 1706 1308 1746 mandaverant
1346 1709 1517 1758 Duces3
1555 1732 1596 1746 .-

274 1791 433 1840 nullas,
473 1791 662 1842 inquam,
702 1794 762 1831 illi
794 1801 898 1833 artes
934 1804 1017 1832 non
1052 1793 1273 1844 adhibent,
1317 1803 1363 1834 ut
1395 1797 1596 1848 populum

274 1878 515 1930 exasperent
535 1887 675 1919 contra
691 1880 824 1930 viros,
849 1880 1192 1920 innocentissimos
1212 1893 1294 1921 non
1315 1891 1469 1922 tantum
1484 1914 1496 1934 ,
1523 1884 1595 1925 sed

277 1966 481 2016 praeclare
514 1966 565 2006 de
595 1966 723 2018 patria
743 1968 935 2017 meritos,
968 1979 1070 2018 quos
1091 1968 1182 2007 unis
1204 1967 1284 2018 jam
1304 1970 1480 2010 comitiis
1503 1984 1598 2022 pro-

279 2051 503 2103 pemodum
542 2053 782 2095 absolverat.
861 2055 1057 2094 Postridie
1100 2067 1150 2095 ex
1189 2055 1596 2098 Senatus-Consulto

279 2138 435 2192 rogatio
463 2138 514 2180 ad
544 2139 746 2192 Populum
775 2144 1041 2194 proponitur,
1074 2151 1119 2182 ut
1139 2144 1217 2182 una
1238 2142 1517 2197 suffragatione
1543 2144 1594 2184 de
1630 2198 1635 2202 ψ

1505 2231 1596 2270 uni-
