2137 2921
537 221 588 262 32
887 204 1527 249 oRATro

536 324 734 368 universis
765 322 883 375 osto,
918 322 1068 365 indiehi
1094 322 1251 374 caussa,
1282 324 1481 376 judicium
1502 323 1675 367 seratur:
1708 325 1864 380 Propo·

536 415 646 454 nitur
683 412 841 464 rogatio
883 412 919 452 &
956 410 1163 465 perfertur
1185 437 1200 460 ,
1244 413 1432 465 quamvis
1462 413 1554 456 Lex
1584 423 1776 466 vetaret,
1819 424 1865 456 ut

535 512 588 541 ne
621 498 911 540 scelestiffimus
942 500 1110 552 quidem
1138 499 1343 540 inauditus
1370 499 1648 551 damnaretur,
1680 501 1862 554 essetque

535 596 748 640 praeterea
768 596 910 628 contra
932 598 1052 627 omne
1074 586 1134 628 fas
1154 599 1401 639 omnemque
1425 600 1579 628 morem
1594 619 1606 639 ‚
1636 598 1682 629 ut
1703 589 1752 629 de
1773 589 1865 642 plu-

533 676 643 716 ribus
679 674 794 713 simul
826 675 905 713 reis
933 675 1013 712 una
1048 673 1331 725 suffragatione
1359 677 1536 726 populus
1557 677 1863 727 pronunciaret.

534 759 597 802 ibi
621 762 690 814 qui
724 761 832 801 inter
857 760 1049 811 Prytanas
1079 760 1179 812 juris
1208 761 1380 812 aliquam
1405 761 1610 803 habebant
1632 763 1830 803 rationem
1846 793 1859 812 ,

536 848 727 889 obsistere
743 878 756 898 ‚
789 859 935 900 negare
973 847 1013 888 se
1043 847 1191 887 Tribus
1215 848 1373 889 Atticas
1398 849 1440 887 in
1464 847 1647 902 suffragia
1665 848 1867 892 missuros,

534 937 616 986 At,
650 936 720 989 qui
744 935 992 975 concionem
1014 935 1239 976 incitabant
1262 936 1544 976 Theramenes
1559 965 1571 986 ‚
1606 936 1865 988 Callixenus,

533 1023 633 1072 alii,
677 1023 848 1062 clamare
871 1053 883 1071 ‚
926 1022 1074 1073 Populi
1108 1023 1366 1062 voluntatem
1405 1022 1486 1062 effe
1527 1036 1601 1074 pro
1637 1024 1751 1074 jure3
1795 1023 1863 1073 id,

532 1108 645 1161 quod
683 1108 864 1160 Populus
889 1107 1078 1159 juberet,
1117 1107 1298 1148 validum
1328 1107 1489 1159 semper
1521 1107 1602 1149 effe
1636 1122 1681 1149 ac
1709 1118 1863 1158 ratum;

533 1196 603 1248 qui
634 1194 750 1235 secus
779 1194 978 1234 sentirent
1001 1223 1013 1243 ‚
1064 1193 1133 1244 qui
1175 1202 1316 1234 contra
1348 1194 1605 1245 niterentur,
1647 1196 1722 1235 hos
1755 1195 1865 1237 idem

533 1293 697 1323 manere
730 1281 976 1334 supplicium
1007 1280 1120 1332 quod
1142 1280 1306 1321 Duces:
1339 1281 1444 1321 Tum
1466 1283 1617 1322 caeteri
1640 1283 1863 1334 Prytanes,

534 1370 635 1422 quin
666 1380 810 1410 omnes
840 1368 1009 1408 omnino
1051 1368 1193 1417 cives,
1225 1367 1295 1418 qui
1329 1368 1425 1408 huic
1460 1369 1500 1409 se
1534 1369 1766 1421 tempestati
1791 1382 1868 1423 po.

529 1456 660 1509 pulari
697 1455 1002 1508 opposuerant,
1045 1453 1305 1504 labefactari,
1350 1456 1518 1505 terreri,
1559 1456 1730 1508 incepto
1765 1457 1865 1498 defi-

532 1541 662 1593 stere,
694 1543 939 1595 promittere
963 1541 1171 1593 denique,
1204 1542 1405 1594 quidquid
1435 1543 1616 1595 Populus
1645 1543 1863 1596 scisceret,

532 1629 658 1670 etiam
699 1639 843 1670 contra
876 1628 1036 1681 Legem
1070 1627 1263 1669 Ἑαὸὶαῑοε.
1333 1629 1453 1669 Solus
1489 1629 1577 1670 fere
1611 1632 1720 1671 inter
1752 1633 1866 1674 cives

527 1716 757 1768 intrepidus
789 1715 1053 1768 perseverare
1094 1714 1446 1768 Euryptolemus3
1496 1717 1604 1758 solus
1637 1719 1744 1759 inter
1770 1720 1868 1771 Pry-

527 1811 638 1844 tanas
670 1803 955 1854 Proedrosque
989 1803 1182 1843 immotus
1216 1802 1390 1855 perstare
1422 1804 1634 1846 Socrates:
1670 1804 1858 1858 Cumque

528 1891 583 1932 ita
615 1889 700 1930 fors
738 1888 919 1940 tuliss'et,
961 1889 1068 1941 quafi
1100 1891 1335 1942 exemplum
1374 1891 1606 1932 exhibitura
1632 1892 1711 1931 viri
1744 1892 1865 1933 fortis

524 1978 564 2020 &
596 1976 814 2018 constantis
846 1989 940 2017 cum
974 1977 1161 2026 civibus,
1196 1989 1319 2029 prava
1347 1977 1590 2029 jubentibus
1610 2009 1621 2028 ‚
1656 1979 1859 2030 composi-

533 2065 590 2116 ti,
620 2085 663 2095 —
700 2076 821 2115 cum,
864 2065 1054 2115 inquam,
1096 2064 1150 2103 ita
1182 2062 1266 2104 fors
1292 2063 1472 2115 tuliffet,
1512 2075 1557 2105 ut
1588 2065 1863 2117 Philosophus

525 2151 662 2194 noster
691 2164 742 2193 eo
776 2151 843 2193 die
875 2151 1147 2193 Proedrorum
1167 2152 1323 2204 primus
1350 2151 1487 2204 foret,
1518 2162 1640 2206 atque
1662 2152 1765 2194 adeo
1790 2154 1860 2194 Se·

1796 2252 1861 2281 na-
