2137 2921
539 204 637 249 DE
697 202 1076 248 SOCRATE
1134 201 1348 245 CIVE.
1550 212 1600 254 15

277 356 309 377 ,‚
339 327 465 368 vatim
487 325 722 375 consulere,
755 325 823 374 qui
845 323 955 364 idem
980 334 1122 376 gravor
1145 322 1194 364 ad
1214 321 1411 373 populum
1432 320 1598 373 prodire

277 444 308 464 „
342 415 379 454 δε
407 415 449 453 in
487 413 690 452 concione
725 412 851 452 verba
886 408 1020 450 facere
1052 409 1102 450 de
1127 409 1369 460 Republica.
1433 407 1601 460 Saepius

280 529 311 550 ,‚
342 514 363 540 a
392 511 456 539 me
478 496 706 545 audivistis,
737 494 870 535 adeffe
897 495 996 534 mihi
1029 505 1175 535 vocem
1199 494 1371 544 aliquam
1395 493 1598 544 divinam,

280 616 311 636 „
344 597 444 637 quae
480 596 544 623 me
579 581 807 622 identidem
837 594 857 621 a
883 580 1101 634 propositis
1122 579 1320 620 nocituris
1345 578 1600 619 dehortetur.

279 703 309 723 „
341 671 519 711 Divinus
541 670 607 709 hic
632 669 810 709 monitor
835 667 917 718 est,
950 667 1019 719 qui
1041 679 1061 707 a
1081 665 1293 708 tractandis
1319 665 1498 718 negotiis
1524 675 1599 716 pu-

282 789 312 809 „
342 758 464 798 blicis
506 768 572 797 me
614 756 778 796 retraxit
820 755 1033 795 continuo.
1099 752 1156 792 Et
1195 751 1303 791 rec‘te
1344 751 1512 802 quidem
1553 762 1598 791 ac

283 874 314 895 „
345 845 548 895 praeclare
597 841 737 883 feciffe
788 841 980 881 videtur:
1030 837 1143 879 Nam
1182 838 1354 890 pulchre
1400 836 1599 886 novistis,

281 961 312 982 „
345 933 392 971 o!
415 928 714 979 Athenienses,
737 928 766 968 fi
785 927 867 979 jam
892 928 991 967 olim
1013 923 1226 966 tentaffem
1251 924 1320 964 ista
1343 923 1508 965 eraclare
1531 934 1602 962 ne-

284 1048 315 1068 „
349 1018 481 1071 gotia,
514 1015 696 1057 futurum
728 1013 875 1063 fuisse,
908 1023 954 1054 ut
985 1012 1138 1054 dudum
1168 1009 1432 1058 interiiffem3
1465 1020 1601 1061 neque

281 1133 312 1153 „
342 1104 461 1144 vobis
485 1099 752 1153 profuiffem,
785 1108 855 1140 aut
877 1100 992 1138 mihi.
1023 1121 1064 1127 —
1121 1098 1179 1137 At
1206 1108 1308 1136 vero
1334 1108 1386 1136 ne
1408 1095 1607 1137 irascami-
1660 1114 1665 1118 -

282 1217 312 1239 ,‚
344 1189 415 1238 ni,
446 1186 621 1239 quaeso,
651 1197 747 1226 vera
784 1184 962 1224 dicenti:
995 1181 1139 1223 Nemo
1168 1182 1278 1222 enim
1307 1182 1521 1233 quisquam
1544 1179 1603 1220 est

280 1305 313 1326 „
343 1273 599 1323 mortalium,
630 1272 701 1324 qui
734 1271 894 1312 sibimet
923 1269 1050 1310 vitam
1075 1268 1146 1308 diu
1172 1267 1320 1308 salvam
1344 1267 1544 1319 praestet,
1574 1266 1605 1307 si

281 1392 313 1413 ,‚
342 1371 409 1403 aut
428 1361 550 1401 vobis
576 1368 644 1400 aut
675 1359 906 1410 cuicunque
937 1357 1100 1397 demum
1129 1354 1382 1394 multitudini
1406 1354 1604 1407 generose

282 1479 316 1500 „
344 1446 606 1498 adversetur,
634 1446 802 1487 &vetet
817 1476 830 1495 ,
853 1457 904 1485 ne
926 1444 1052 1484 multa
1073 1451 1214 1483 contra
1231 1441 1294 1493 jus
1315 1454 1360 1482 ac
1378 1441 1492 1494 leges
1509 1440 1606 1482 fiant

283 1565 314 1586 „
345 1536 387 1574 in
418 1535 611 1575 civitate:
645 1533 725 1573 Sed
757 1530 1004 1573 necess'eest
1022 1531 1214 1579 omnino,
1245 1538 1290 1568 ut
1313 1529 1381 1579 qui
1402 1540 1476 1580 pro
1498 1527 1605 1579 justo

284 1651 316 1671 „
348 1622 386 1661 &
414 1632 545 1671 aequo
575 1630 728 1660 certare
760 1621 883 1666 ausit,
914 1619 943 1658 si
974 1618 1043 1658 vel
1071 1617 1293 1668 pauxillum
1320 1615 1519 1666 temporis
1541 1614 1603 1654 su-

277 1735 315 1757 „
347 1705 500 1758 perstes
537 1704 616 1745 esse
651 1707 815 1758 cupiat,
846 1706 1026 1756 privatus
1056 1704 1171 1743 vivat
1199 1714 1275 1742 nec
1306 1703 1455 1753 Rernp.
1483 1701 1605 1740 attin-

287 1823 320 1843 „
353 1802 443 1845 gat:
484 1793 571 1844 Ego
612 1804 713 1832 vero
741 1793 860 1832 vobis
897 1802 1037 1843 magna
1071 1790 1214 1829 horum
1250 1787 1449 1828 dictorum
1478 1787 1605 1827 docu-

286 1909 317 1930 „
347 1888 484 1920 menta
503 1879 735 1928 exhibebo,
768 1890 851 1918 non
870 1878 995 1918 verba
1014 1886 1194 1925 tantum,
1228 1875 1323 1924 sed,
1355 1875 1504 1925 quibus
1526 1886 1604 1914 vos

288 1995 318 2016 „
351 1968 526 2017 pretium
558 1965 754 2015 statuitis,
787 1964 888 2005 faeta
909 1964 955 2003 :³³
985 1986 1026 1995 —-
1064 1965 1190 2016 Quae
1221 1961 1346 2011 famia,
1377 1974 1474 2002 mox
1503 1972 1603 2012 quo-

285 2064 364 2103 que
393 2052 680 2102 memoranda,
711 2051 920 2104 postquam
952 2051 1152 2091 enarravit
1189 2050 1402 2098 Socrates,
1433 2049 1485 2088 fic
1513 2061 1606 2101 per·

289 2139 360 2193 git.
391 2159 435 2169 -—
492 2141 522 2162 “
553 2140 691 2192 Atque
722 2139 868 2180 horum
893 2137 1092 2179 saelorum
1120 2137 1315 2191 permulti
1335 2136 1455 2177 vobis
1490 2144 1610 2175 erunt

1484 2251 1516 2272 3,
1545 2230 1607 2261 te·
