2137 2921
515 210 568 252 30
856 194 1501 239 ORATIO

515 315 585 356 sed
621 313 770 368 (quod
799 314 930 355 multo
955 313 1083 366 majus
1109 314 1202 370 est)
1233 316 1428 369 exemplo
1449 325 1570 370 atque
1592 317 1687 371 ipfis
1711 329 1850 362 rerum

517 403 794 443 documentis.
853 403 1065 444 Paululum
1090 403 1158 444 hic
1180 405 1223 444 in
1243 404 1536 447 confiderando
1556 405 1724 449 Socrate
1755 408 1850 451 Cive

516 489 780 531 subfistamus.

574 578 822 628 Praeclare,
863 577 1004 629 judice
1043 578 1362 630 emmona,
1408 581 1512 622 hanc
1543 582 1650 624 viam
1685 583 1743 624 ad
1766 581 1851 635 glo-

518 665 628 706 riam
644 666 910 720 proximam,
943 665 989 706 ὅς’
1012 666 1123 720 quasi
1153 667 1521 719 compendiariam,
1559 669 1749 711 Socrates
1781 668 1852 723 effe

518 752 697 803 dicebat,
722 753 761 806 st
780 754 872 807 quis
894 754 940 794 id
958 761 1127 805 ageret,
1161 762 1231 804 ut,
1264 754 1398 808 qualis
1417 756 1560 797 haberi
1577 755 1718 806 vellet,
1750 755 1852 798 talis

521 840 641 894 effet:
699 840 824 881 Hunc
856 852 1015 886 autem,
1058 842 1127 893 qui
1159 841 1241 882 fine
1274 843 1381 882 inani
1414 841 1686 883 ostentatione
1712 855 1851 883 veram

515 928 570 968 sic
605 929 773 982 gloriam
806 928 1053 969 consecutus
1085 928 1167 979 est,
1211 929 1319 970 haud
1351 929 1531 970 dedecet
1551 961 1563 981 ‚
1613 931 1777 983 qualem
1811 930 1852 971 se

517 1015 680 1067 semper
720 1015 997 1067 praestiterit,
1048 1026 1190 1067 aperte
1238 1016 1437 1067 profiteri.
1509 1018 1638 1069 Igitur
1677 1020 1720 1058 in
1758 1017 1855 1068 illa,

516 1114 637 1155 quam
673 1115 750 1154 pro
781 1111 1054 1153 praeceptore
1087 1101 1243 1153 scripsit
1273 1103 1485 1151 PLATo,
1517 1103 1743 1156 Apologia‘,
1777 1105 1851 1154 iis,

518 1197 621 1242 quae
642 1197 735 1228 ante
758 1189 972 1228 retulimus
986 1218 1000 1238 ,
1030 1188 1171 1227 verbis
1192 1186 1362 1227 cauffam
1383 1188 1585 1240 reddens,
1617 1202 1689 1230 cur
1706 1203 1727 1231 a
1746 1192 1853 1244 Rep.

517 1275 700 1330 prudens
732 1274 995 1326 abstinuerit,
1036 1276 1179 1315 mortis
1210 1283 1347 1315 tamen
1382 1285 1498 1315 metu
1529 1276 1570 1316 se
1605 1277 1648 1317 id
1681 1279 1853 1319 minime

517 1362 661 1405 fecisse
695 1362 885 1403 Socrates
920 1361 1129 1413 adfirmat,
1182 1374 1275 1402 cum
1310 1362 1394 1402 fine
1428 1363 1510 1403 ulla
1541 1364 1727 1416 capitalis
1763 1363 1856 1418 sup-

517 1451 636 1505 plicii
665 1449 888 1491 formidine
912 1449 1143 1491 constanter
1175 1449 1370 1490 restiterit
1390 1450 1616 1491 violentiae
1639 1452 1678 1492 &
1701 1451 1855 1503 inJ‘usti-

519 1539 626 1589 tiae,
666 1538 706 1579 &
736 1549 831 1578 cum
859 1538 1041 1590 populus
1072 1537 1310 1589 Tyrannum
1345 1546 1508 1591 ageret,
1542 1539 1581 1579 &
1607 1550 1702 1578 cum
1732 1541 1854 1590 pauci

518 1624 744 1666 crudeliter
776 1625 1099 1667 dominarentur.
1158 1624 1234 1666 Ista
1264 1625 1419 1677 quippe
1444 1625 1528 1665 civi
1551 1627 1663 1666 bono
1687 1638 1732 1666 ac
1755 1625 1854 1667 forti

521 1713 580 1755 est
609 1714 762 1753 mentis
796 1711 1021 1754 constantia
1060 1721 1183 1765 atque
1224 1712 1520 1765 aequabilitas,
1571 1722 1619 1753 ut
1653 1714 1855 1765 Tyrannis

517 1801 558 1842 ei
586 1800 746 1853 semper
774 1799 823 1840 s1t
853 1800 981 1852 odio,
1013 1800 1084 1841 seu
1119 1800 1190 1841 sub
1221 1801 1357 1854 Regni
1391 1799 1559 1840 nomine
1581 1799 1652 1840 seu
1676 1800 1748 1841 sub
1769 1813 1843 1854 po-

521 1889 652 1942 pulari
681 1888 820 1941 specie
850 1890 1000 1941 Remp.
1025 1889 1243 1941 opprimat.
1272 1908 1348 1917 --
1376 1886 1652 1938 Meministis,
1685 1889 1857 1929 Auni-

523 1987 721 2027 ‘rouEs‚
762 1976 892 2028 qualis
923 1975 1025 2016 effet
1054 1976 1175 2017 Bello
1203 1974 1554 2027 Peloponnesiaco
1584 1986 1719 2014 rerum
1746 1977 1856 2016 Atti-

524 2077 660 2107 carum
689 2062 846 2114 facies,
891 2075 1011 2116 quam
1044 2064 1178 2105 insana
1208 2063 1357 2116 Populi
1393 2062 1663 2102 Atheniensis
1688 2063 1854 2105 libertas

525 2152 657 2195 dicam
686 2164 736 2194 an
760 2152 951 2194 amentia.
1010 2150 1211 2193 Illustrem
1233 2164 1253 2193 a
1281 2150 1623 2194 Lacedaemoniis
1644 2150 1856 2192 victoriam

1786 2251 1854 2281 na·
