2137 2921
539 207 642 250 DE
698 207 1080 250 soCRATE
1139 205 1345 251 crvE.
1552 220 1600 263 13

284 327 369 381 Qui
398 337 442 367 re
463 325 650 367 familiari
673 327 889 368 admodum
910 327 1070 368 modica
1095 337 1179 370 erat
1204 329 1452 379 contentus,
1479 336 1604 381 atque

283 414 386 454 adeo
417 415 539 453 etiam
576 413 715 467 (quae
753 424 851 454 tunc
888 415 938 455 ad
972 427 1073 466 opes
1105 428 1150 455 ac
1181 416 1408 467 potentiam
1435 416 1602 467 patebat

282 499 384 552 via)
434 502 638 540 turbarum
689 500 872 539 civilium
925 499 1163 539 societatem
1212 501 1466 541 aversabatur
1486 531 1502 551 ‚
1549 502 1600 543 ab

282 586 395 625 omni
420 585 701 636 conjuratione
725 595 793 625 aut
815 585 1017 625 seditione
1037 586 1213 625 alienum
1231 585 1271 625 se
1293 585 1452 637 semper
1464 585 1600 638 fuiffe‚

280 682 411 711 eoram
440 670 644 722 judicibus
676 682 815 724 aperte
848 670 1052 725 profess'us
1081 671 1161 712 est:
1195 672 1334 725 Quin,
1367 673 1435 724 qui
1458 671 1601 714 faffio-

279 757 343 798 sus
386 757 523 807 foret,
570 767 637 798 aut
664 757 878 799 familiares
912 758 1004 798 suos
1038 760 1215 810 plurium
1245 759 1349 798 odiis
1383 770 1603 811 propterea

280 845 535 896 implicaret,
580 844 688 883 hunc
719 857 771 885 ne
804 845 911 885 inter
940 846 1090 885 amicos
1129 846 1296 896 quidem
1333 846 1598 899 deligendum

278 929 358 971 effe
397 932 673 972 arbitrabatur.
743 931 997 984 Quamquam
1045 942 1180 972 autern
1222 934 1270 972 ab
1310 933 1391 972 hoc
1421 944 1600 986 genere,

277 1018 389 1069 quod
409 1019 450 1057 in
474 1019 688 1069 perpetuis
708 1019 836 1057 turbis
857 1018 1062 1067 versatur,
1094 1020 1302 1070 vitamque
1326 1020 1491 1059 vitalem
1515 1032 1599 1060 non

277 1103 351 1143 nisr
384 1103 542 1142 medios
575 1104 681 1141 inter
713 1104 827 1154 ignes
862 1106 1043 1152 reperit,
1071 1105 1307 1143 abhorreret
1331 1117 1449 1154 quam
1473 1107 1601 1147 maxi-

278 1200 369 1237 me,
421 1188 653 1239 potentium
698 1195 833 1228 tamen
877 1188 1043 1227 minime
1071 1197 1172 1229 *erat
1211 1189 1418 1239 adulator,
1460 1202 1598 1243 neque

278 1273 493 1317 affentator
518 1274 692 1326 populi;
722 1273 791 1314 sed
811 1274 982 1315 liberam
1002 1285 1205 1327 perpetuo
1226 1276 1440 1317 adhibebat
1463 1285 1600 1318 contu.

279 1363 477 1410 muciam,
510 1373 626 1412 quam
650 1372 674 1401 a
698 1361 978 1412 magnitudine
1001 1363 1129 1402 animi
1151 1364 1306 1403 dubiam
1331 1365 1385 1403 ait
1407 1364 1597 1415 Cretum,

278 1461 355 1490 non
376 1447 622 1501 afizperhid.
662 1448 771 1500 Ergo
791 1449 898 1488 inter
921 1449 1036 1489 cives
1059 1450 1112 1488 ita
1129 1449 1308 1490 versatus
1331 1450 1412 1500 est,
1435 1460 1481 1491 ut
1495 1450 1596 1491 sem.-

277 1547 350 1586 per
372 1536 615 1586 optimarum
638 1536 813 1586 partium
838 1535 1072 1587 Patriaeque
1095 1536 1315 1577 Libertatis
1346 1535 1538 1577 defenso-r
1557 1540 1597 1579 δε,

278 1620 378 1660 esset
419 1621 456 1659 &
501 1621 804 1661 existimaretur.
873 1624 910 1661 A
945 1624 1173 1673 Republicfi
1211 1633 1346 1663 tamen
1378 1623 1598 1674 abstinuit3,

278 1707 315 1746 &
358 1692 518 1758 praeter
563 1708 746 1747 annalem
791 1709 831 1746 in
876 1708 1204 1760 Quingentorum
1247 1711 1395 1749 Senatu
1427 1711 1563 1749 locum
1578 1741 1597 1761 ,.

277 1802 399 1843 quem
445 1791 570 1832 seme-l
611 1795 778 1842 tenuit,
833 1795 968 1834 nullos
1010 1794 1188 1834 honores
1228 1797 1430 1846 ambivit,
1487 1798 1595 1837 inter

275 1878 503 1919 Archontas
525 1891 728 1930 nunquam
750 1880 912 1920 sortitus
934 1881 1014 1931 est,
1040 1884 1075 1923 &
1098 1884 1150 1923 ab
1168 1882 1382 1922 Oratorum
1405 1883 1593 1937 suggesto

277 1976 395 2015 quam
427 1966 645 2017 longiffime
680 1967 747 2005 hic
779 1968 842 2007 vir
864 1967 903 2007 se
932 1969 1135 2019 removit,
1168 1969 1237 2019 qui
1268 1969 1434 2010 dicendi
1454 1969 1598 2012 fontes

276 2050 548 2102 suadendique
571 2052 717 2094 cauffas
742 2053 889 2093 refflus
909 2053 1069 2105 nosset„
1098 2068 1217 2107 quam
1241 2058 1308 2108 qui
1329 2056 1459 2098 isthoc
1487 2068 1591 2098 tem-

276 2148 376 2189 pore
401 2137 733 2194 Demagogorum
757 2141 1007 2182 habebantur
1029 2142 1285 2183 disertiffimi..

963 2227 996 2267 B
1028 2239 1050 2279 3
1538 2232 1597 2271 At
