2137 2921
520 199 591 234 AC
632 196 922 234 PROEDRIS
965 196 1436 234 ATHENIENSIUM.
1599 211 1658 246 123

339 299 371 340 S.
395 297 483 331 XVI.
526 296 635 336 Atque
655 296 733 328 haec
751 295 876 336 quidem
901 304 998 335 quum
1014 295 1170 336 probabili
1185 303 1369 336 argumento
1388 297 1534 340 colligere
1552 297 1647 333 nobis

297 352 442 384 videmur
464 359 501 381 ex
521 349 579 388 iis,
602 357 682 388 quae
708 348 858 379 haetenus
880 347 1128 388 disputavimu8‚
1150 345 1284 386 superest
1300 355 1334 379 ut
1349 350 1651 392 animadvertamus,

298 410 418 442 quanto
434 403 533 442 major
553 400 675 433 Socrati
693 400 798 431 nostro
816 401 883 431 laus
903 400 1050 430 debeatur
1065 405 1218 436 veraeque
1240 399 1308 437 ejus
1323 400 1430 432 virtuti
1449 400 1573 441 honos,
1597 404 1651 443 qui

299 464 382 486 unus
403 455 475 493 plus
499 453 596 484 valuit
611 452 649 483 ad
667 451 798 483 tuendas
817 450 1106 489 conservandasque
1123 448 1226 488 Leges
1242 449 1362 481 Patriae
1378 460 1470 489 quam
1490 454 1652 488 universus

300 505 436 536 Senatus
451 508 477 535 ἁ
496 500 637 534 universa
656 500 702 540 (fi
720 501 980 540 Euryptolemum
992 522 1002 538 ‚
1013 498 1192 530 Axiochum
1203 521 1214 537 ,
1229 499 1370 538 aliosque
1384 511 1559 542 perpaucos
1572 508 1654 539 exci-

297 554 445 594 piamus)
468 553 594 585 Concio
609 552 722 592 Populi
736 553 854 583 Attici:
878 552 1002 583 Etenim
1019 560 1081 582 non
1099 550 1223 589 negavit
1239 557 1359 582 tantum
1369 551 1522 592 Populum
1542 555 1573 586 in
1589 556 1651 588 suf-

296 605 395 644 fragia
412 605 555 642 mittere,
576 603 627 634 sed
649 602 753 633 effecit
772 603 885 640 etiam,
907 611 945 632 ne
965 601 1021 632 isto
1044 601 1093 631 die
1115 601 1167 632 illa
1191 602 1429 642 colligerentur,
1453 604 1650 647 spatiumque

296 656 382 687 dedit
401 656 431 686 δι
447 656 550 686 locum
567 664 671 686 novae
691 652 861 684 defenfioni
872 674 882 690 ‚
895 661 933 683 eo
949 659 1083 689 eveum,
1096 660 1152 691 ut,
1172 652 1226 684 nisi
1238 652 1354 685 nefaria
1369 663 1417 685 ars
1426 654 1530 687 fuiss'et
1543 658 1655 691 Dema-

298 715 455 747 gogorum
474 708 505 737 in
524 705 697 737 differenda
712 703 814 736 cauffa
830 713 886 743 per
900 701 1008 733 falsum
1024 701 1417 744 1x11eneclisJusjurandum
1430 729 1440 744 ‚
1458 707 1564 740 Duces
1579 708 1651 741 salvi

297 756 474 788 evasissent:
490 756 613 788 Restitit
624 754 1018 795 tempestatipopularinon
1031 761 1149 785 tantum
1161 777 1173 793 ‚
1182 755 1232 786 sed
1245 756 1352 788 restitit
1360 764 1422 787 tam
1432 756 1565 789 feliciter
1574 782 1584 797 ‚
1595 768 1651 798 ut,

296 808 352 840 nist
369 815 431 839 tam
449 807 594 838 fun-{itus
609 807 670 847 jam
692 813 757 836 tum
772 812 919 843 corrupta
934 802 1036 833 fuiffet
1052 803 1245 845 Respublica
1253 806 1378 844 Attica,
1397 815 1457 838 tam
1471 817 1576 841 amens
1592 811 1652 843 Po-

292 859 407 898 pulus,
424 866 486 889 tam
501 858 639 889 scelerati
654 855 806 895 &perditi
816 855 993 891 Rhetores,
1010 853 1095 885 solus
1111 857 1270 894 piaculum
1287 865 1302 886 a
1316 857 1454 888 Civitate
1473 860 1626 893 avertisset
1638 884 1650 901 ‚

295 918 360 948 quo
380 909 431 946 se,
461 909 546 939 leves
571 907 700 938 nimium
723 906 754 937 ἃ
776 907 807 936 in
832 905 940 935 horam
959 905 1148 944 mutabiles,
1170 905 1402 940 obstrinxerunt
1421 909 1648 944 Athenienses:

300 959 450 998 Namque
466 968 558 990 nemo
571 959 613 989 est
628 959 657 989 in
677 957 816 989 universa
827 955 1045 994 Antiquitate‚
1065 957 1118 995 qui
1133 957 1424 991 condemnationem
1442 960 1526 993 istam
1540 973 1652 995 novem

298 1009 426 1042 Ducum
438 1031 449 1047 ,
471 1009 741 1049 suppliciumque,
765 1007 852 1047 quod
867 1005 917 1037 sex
932 1015 968 1036 ex
983 1006 1044 1037 illis
1061 1006 1221 1039 subierunt
1238 1009 1391 1049 insontes,
1406 1020 1470 1042 non
1486 1012 1655 1047 detestetur

296 1061 328 1092 ἃ.
342 1060 584 1091 abominandum
601 1060 742 1097 censeat,
766 1068 830 1090 uno
849 1057 960 1097 (quod
975 1057 1115 1088 noverim
1126 1058 1140 1093 )
1153 1069 1286 1100 excepto
1299 1061 1432 1094 Oratore
1446 1063 1503 1094 LY
1513 1072 1526 1094 s
1539 1076 1545 1094 1
1556 1074 1596 1096 A:
1621 1065 1650 1096 Is

295 1113 412 1152 quippe
430 1111 472 1142 fic
491 1112 652 1150 loquitur,
675 1109 759 1150 quasi
779 1108 973 1139 atrocitatem
993 1107 1112 1139 sceleris
1130 1111 1273 1142 excusare
1290 1113 1382 1143 vellet
1401 1113 1504 1152 aliqua
1521 1114 1651 1154 (nescio

297 1163 389 1203 qua)
410 1162 603 1199 necestitate,
628 1169 661 1192 ut
678 1160 786 1191 virtuti
809 1169 936 1194 eorum,
961 1160 1016 1198 qui
1038 1161 1075 1190 ad
1091 1161 1260 1201 Arginusas
1278 1173 1336 1203 pro
1356 1163 1456 1195 Patria
1475 1164 1650 1203 perierant,

299 1213 388 1245 fieret
407 1211 501 1251 satis,
520 1212 602 1252 quafi
615 1213 714 1243 virtus
730 1212 890 1242 metanda
903 1210 977 1242 ess'et
988 1234 996 1247 ‚
1013 1219 1047 1242 ut
1065 1211 1292 1244 virtuticivitas
1308 1215 1462 1253 placeret!
1487 1215 1596 1248 Locus
1609 1219 1652 1250 est

293 1266 326 1297 in
343 1264 433 1295 Orat.
449 1273 478 1294 c.
498 1262 656 1295 Eratosth.
675 1270 747 1301 Pag-
766 1271 836 1301 204.
863 1263 914 1293 ed.
935 1262 1027 1301 Tayl.
1055 1264 1112 1291 Οὖκ
1128 1259 1158 1291 ⁸⁷¹
1173 1260 1261 1301 ἷκιὶι,
1282 1267 1303 1292 εἰ
1327 1264 1373 1298 τὲς
1393 1268 1437 1303 μὲν
1457 1267 1610 1306 ςςφτηγὲς,
1631 1271 1653 1300 οἳ

295 1318 375 1348 ἐιίιιον
389 1315 584 1351 ναυμιχῢιῑες,
603 1313 645 1342 ’ὅτε
663 1313 709 1343 διὰ
723 1315 840 1350 χειμῶσι
857 1314 896 1349 ἐχ
911 1312 960 1341 :fol
972 1315 997 1340 τ’
1010 1312 1112 1346 ’ἔφασαν
1126 1311 1185 1349 εἶτα]
1200 1313 1245 1345 vhe
1266 1316 1294 1342 εἰι
1316 1317 1360 1348 τῖς
1381 1317 1512 1351 saman<
1529 1322 1654 1363 ὼελὲᾷ,

295 1368 404 1402 Sani-ng
422 1366 599 1405 ἐξημμίε-ατι,
624 1366 742 1399 §viuum
755 1368 844 1403 χςῖνιᾳ
859 1368 889 1404 τῇ
905 1366 928 1394 ἲ
943 1363 1072 1394 τεθικοἿον
1085 1367 1163 1404 ἀρετῇ
1177 1365 1239 1404 παρ’
1252 1366 1347 1395 ἐκείνων
1365 1367 1433 1400 &lxv
1447 1373 1544 1402 λαβεῖν,
1574 1371 1652 1405 Non

298 1427 334 1449 ea
344 1417 484 1449 Socratis
498 1415 666 1448 sententia:
680 1416 768 1448 Nihil
783 1416 834 1446 ille
852 1415 930 1453 (qui
946 1415 1150 1453 plurimorum
1169 1426 1238 1449 mos
1255 1417 1320 1458 est)
1332 1422 1527 1459 temporibus
1543 1422 1651 1463 dedit,

295 1468 375 1499 nihil
393 1467 572 1507 potentium
592 1468 739 1506 pravitati
752 1473 806 1498 aut
823 1464 997 1503 viudic'tae,
1018 1466 1095 1497 nihil
1111 1469 1340 1508 praejudicatae
1356 1471 1472 1504 civium
1488 1474 1651 1515 opinioni,

297 1518 376 1550 nihil
395 1517 479 1548 inani
495 1518 611 1556 gloriae
627 1526 680 1549 aut
695 1527 787 1550 aurae
797 1516 961 1557 populari,
977 1517 1054 1548 nihil
1066 1519 1156 1549 etiam
1169 1519 1240 1551 suae
1251 1521 1407 1553 securitati
1417 1523 1525 1556 suaeve
1540 1524 1649 1559 saluti:

296 1567 412 1599 Omnia
424 1567 486 1606 egit
496 1568 691 1608 constanter,
701 1568 796 1607 iuste,
812 1566 967 1605 sapienter
977 1590 986 1600 2
1004 1568 1156 1606 graviter:
1172 1570 1254 1602 Nam
1267 1572 1409 1611 quidit‘ta
1418 1572 1558 1606 Socratis
1568 1577 1652 1616 apud

295 1617 540 1649 Peneum
555 1620 588 1651 in
608 1621 730 1660 Gorgia
746 1621 851 1651 Tomo
867 1617 894 1649 Ι.
911 1627 983 1658 pag.
1001 1628 1073 1657 474.
1089 1629 1125 1650 Α.
1142 1620 1191 1658 se,
1215 1630 1286 1652 curn
1303 1623 1332 1653 in
1346 1623 1494 1656 Senatum
1508 1626 1582 1659 effer
1599 1629 1654 1660 ad.

302 1668 421 1705 lec'tus,
447 1667 580 1708 suaeque
602 1670 722 1702 Tribus
740 1669 886 1709 Prytania
897 1669 1059 1708 fungentis
1071 1670 1139 1700 vice
1154 1671 1308 1710 Populum
1320 1673 1448 1707 deberet
1461 1676 1492 1708 in
1508 1677 1652 1720 suffragia

297 1719 440 1757 mittere,
465 1720 641 1758 nesciviss'e,
666 1730 730 1760 quo
747 1720 837 1760 paeto
854 1721 885 1751 id
905 1727 1028 1760 ageret,
1051 1728 1144 1760 arque
1161 1721 1201 1753 fic
1219 1723 1367 1754 omnibus
1384 1725 1474 1756 risum
1495 1728 1648 1769 movisse,

295 1770 385 1801 ἐπειδὴ
399 1771 410 1799 ἦ
423 1772 491 1807 Qun}
503 1769 673 1809 Engvrx'vzve,
690 1775 713 1811 ις
730 1769 778 1800 ἐ’ἔει
793 1784 828 1809 με
847 1771 1035 1811 ἐπιψηφίζειν,
1048 1775 1158 1806 γέλωτα
1169 1777 1307 1813 παρεῖχον,
1317 1777 1340 1813 ’ς
1351 1775 1383 1803 ἐκ
1398 1775 1529 1814 ἐπες-ἄμην
1545 1778 1650 1815 ἐπιψῃ-

297 1821 396 1863 pista,
410 1839 450 1847 —-
469 1822 523 1861 qui
540 1821 592 1852 ista
603 1822 698 1860 igitur
713 1830 746 1854 ut
761 1822 838 1854 serio
851 1822 930 1853 dieta
942 1831 995 1854 aut
1006 1822 1116 1863 scripta
1127 1824 1278 1864 accipiat,
1289 1825 1315 1856 is
1327 1826 1457 1858 multum
1467 1826 1603 1869 fallitur,
1620 1832 1651 1867 ὃς

298 1872 416 1914 ,ἔρως-ἴω
431 1873 642 1914 Socraticam,
662 1884 740 1914 quae
756 1874 872 1912 ubique
889 1873 919 1905 in
936 1874 1076 1914 Dialogis
1088 1875 1258 1907 Platonicis
1275 1877 1476 1919 exprimitur,
1489 1879 1624 1920 ignorat.

705 1950 769 1995 Καὶ
797 1959 916 1995 ταῦτα.
945 1955 1003 2007 μὲν
1029 1952 1068 2003 Ba*
1092 1956 1224 1997 mma!

916 2064 1029 2104 ³5³&aess

1037 2184 1067 2225 Q
1091 2195 1108 2216 2
1498 2187 1572 2230 Pag-
1597 2199 1648 2233 33·
