2137 2921
505 199 609 244 DE
671 196 1059 245 SOCRATE
1114 196 1312 269 CIAVE.
1528 203 1583 251 ’ς

252 322 328 364 tria
368 320 508 362 forent
548 321 790 373 promeriti,
836 319 998 361 invidus
1034 318 1225 360 adversus
1256 328 1399 359 omnes
1425 317 1580 359 virtute

248 418 316 450 aut
345 409 492 460 quovis
515 408 666 449 decore
691 409 887 457 illustres,
919 406 1173 456 fastidiosus,
1207 406 1364 455 varius,
1395 405 1434 445 &
1453 405 1574 446 levis.

243 496 384 547 Atque
417 495 518 536 haec
547 496 692 535 levitas
728 495 770 533 in
803 490 1062 533 decernenda
1096 491 1378 544 Expeditione
1413 490 1572 542 Sicula,

253 580 349 620 dum
381 580 564 633 flagraret
590 579 746 619 bellurn
783 589 876 617 cum
915 577 1222 630 Peloponnesiis
1243 607 1255 627 ,
1297 577 1473 616 maxime
1509 589 1577 628 ap-

241 667 388 719 paruit.
426 666 636 718 ‚Plerique
661 665 975 705 Atheniensium
992 695 1004 714 ,
1038 663 1209 704 idoneus
1233 663 1287 704 ait
1305 661 1442 703 auctor
1456 662 1572 703 Triu-

246 765 428 793 CYDIDEs
444 783 457 803 ,
491 754 728 805 ignorabant
758 753 796 792 δε
829 751 1150 804 magnitudinem
1174 749 1324 791 insulae
1348 749 1384 788 δε
1404 750 1573 789 immen-

244 839 329 879 sum
359 839 609 889 incolarum,
642 839 713 890 qui
748 838 858 878 illam
883 838 953 878 seu
984 836 1135 878 Graeci
1159 836 1344 888 origine,
1376 835 1446 876 seu
1479 835 1571 875 Bar-

245 926 356 976 bari,
387 925 666 966 inhabitabant
688 936 925 966 numerum:
959 923 1230 977 Ignorabant,
1262 923 1303 963 se
1327 924 1370 963 in
1393 923 1573 963 Siciliam

248 1014 507 1065 navigaturos
541 1013 696 1053 bellum
717 1011 922 1064 suscipere
950 1024 1034 1052 non
1058 1012 1191 1052 minus
1213 1010 1429 1063 operosum
1455 1022 1574 1063 quam

242 1098 356 1150 quod
386 1098 457 1137 fibi
480 1097 561 1147 jam
594 1097 695 1138 esset
719 1108 811 1137 cum
834 1097 1167 1147 Peloponnesiis:
1200 1097 1254 1137 Et
1275 1107 1410 1138 tamen
1430 1097 1571 1150 Expe—

242 1184 345 1224 ditio
376 1182 538 1231 Sicula,
569 1180 730 1222 auctore
763 1180 801 1220 ἃ
822 1179 978 1220 suasore
1004 1180 1243 1230 Alcibiade,
1275 1183 1467 1233 probata,
1497 1180 1567 1221 de-

239 1278 375 1319 creta,
408 1267 597 1320 suscepta
619 1267 690 1308 est.
744 1267 841 1321 Quo
865 1276 1047 1317 eventu,
1079 1268 1435 1308 AuanoREs?
1465 1268 1567 1318 Illo,

237 1369 360 1410 quern
390 1351 643 1409 'cogitatione
679 1363 975 1407 praeceperat,
1013 1355 1176 1394 civibus
1204 1355 1326 1396 etiam
1357 1355 1568 1407 praedixe-

235 1453 317 1494 rat,
350 1444 561 1492 Socrates,
593 1441 635 1482 id
656 1441 737 1492 est,
769 1440 1051 1482 funestissimo.
1113 1441 1364 1494 Inexplebili
1399 1443 1441 1483 in
1464 1443 1565 1484 alios

231 1531 410 1584 populos
453 1531 603 1569 liberos
647 1529 880 1571 dominandi
931 1529 1127 1580 cupidine
1177 1539 1383 1582 perpetuo
1425 1531 1563 1586 agitati

238 1615 541 1665 Athenienses,
581 1617 680 1656 vivo
718 1616 849 1657 adhuc
884 1615 1070 1665 Pericle,
1103 1616 1366 1667 occupandae
1400 1616 1563 1658 Siciliae

236 1702 387 1743 incensi
408 1700 567 1742 fuerant
579 1700 792 1741 desiderio.
820 1701 995 1741 Mortuo
1016 1703 1219 1741 avunculo
1234 1702 1303 1752 ,id
1322 1702 1565 1746 defiderium

239 1790 363 1842 magis
388 1789 597 1841 magisque
629 1788 900 1829 inflammabat
921 1788 1182 1838 Alcibiades,
1212 1789 1307 1828 hinc
1340 1789 1412 1829 fibi
1433 1802 1562 1844 opes,

236 1878 330 1918 hinc
354 1877 580 1927 potentiam
594 1905 605 1924 ,
627 1875 723 1914 hinc
744 1875 979 1916 immensam
1000 1876 1167 1929 gloriam
1189 1875 1349 1927 sperans
1362 1877 1560 1933 ,postque

240 1962 438 2005 subactam
463 1962 639 2002 Siciliam
670 1973 767 2003 mox
787 1962 1008 2004 domandos
1030 1963 1231 2003 somnians
1253 1963 1562 2019 Carthaginien-

241 2049 301 2090 ses
317 2079 328 2098 ,
348 2046 464 2086 afros
476 2078 488 2097 ,
503 2049 749 2100 ultimosque
762 2049 914 2101 Libyas
932 2064 941 2088 ε
973 2049 1027 2089 Et
1041 2081 1052 2100 ,
1069 2050 1164 2090 dum
1179 2050 1248 2091 ista
1261 2052 1397 2093 omnia
1410 2057 1560 2107 magni-

237 2134 324 2175 ficis
357 2133 494 2174 verbis
528 2135 779 2188 praedicaret
813 2137 854 2176 in
884 2137 1112 2188 perniciem
1143 2137 1297 2178 Patriae
1330 2148 1445 2180 natus
1476 2141 1561 2180 Cli-

973 2222 1016 2266 D
1469 2227 1557 2269 niae
