2137 2921
477 223 507 268 6
821 220 1456 263 ORATIO

481 345 625 393 nobis,
667 349 872 392 quotquot
917 338 1102 379 veritatis
1141 348 1318 379 amantes
1349 340 1553 391 vivimus,
1593 342 1805 395 omnibus,

480 429 570 485 post
599 430 661 469 bis
700 427 889 467 millenos
921 437 1073 476 annos»,
1116 425 1222 465 haud
1254 425 1367 466 secus
1396 439 1515 478 quam
1548 429 1596 469 ab
1627 430 1805 471 Oraculo

479 516 720 569 Delphico,
768 513 999 553 mortalium
1038 523 1122 552 non
1164 521 1320 553 tantum
1365 513 1692 566 sapientissimus,
1736 517 1806 557 sed

482 606 594 646 omni
617 603 810 643 memoria
830 602 952 653 longe
976 601 1183 652 optimus,
1218 601 1461 642 celebratur.

538 691 667 732 Sinite
690 701 812 742 ergo,
845 691 1194 737 Aunironsss‚
1223 701 1315 737 me,
1348 690 1416 740 qui
1447 699 1540 730 ante
1560 690 1636 731 hos
1661 690 1808 732 decem

482 778 612 820 ferme
657 788 783 817 annos
830 787 883 816 cx
922 775 1002 814 hoc
1040 773 1128 826 ipso
1167 775 1261 815 loco
1293 777 1464 828 probare
1495 787 1665 817 conatus
1695 779 1804 828 sum,

480 863 769 905 Eruditionem
798 872 914 903 verae
950 860 1132 901 Virtutis
1165 861 1306 902 Civilis
1328 860 1399 915 effe
1421 863 1637 913 altricem,
1669 876 1807 905 exem-

486 953 557 1005 plo
583 951 664 1004 jam
698 948 941 999 ostendere,
982 948 1189 1000 quomodo
1230 949 1299 989 illa
1338 948 1530 989 Eruditio
1575 950 1807 993 adhibenda

481 1039 553 1087 sit,
576 1048 622 1078 ut
647 1049 700 1076 ex
715 1036 971 1086 Antiquitate
997 1034 1242 1087 exemplaria
1253 1044 1436 1087 petamus
1457 1036 1507 1077 ad
1531 1037 1803 1078 imitationem

479 1122 781 1178 perfeffiffima:
815 1121 945 1163 Sinite
967 1131 1032 1160 me
1053 1132 1182 1171 pauca
1208 1119 1344 1160 dicere
1367 1132 1426 1161 DE
1451 1122 1649 1162 SOCRATE
1676 1124 1807 1166 Civss.

535 1297 605 1339 De
651 1294 820 1335 Socrate
860 1300 994 1333 autem
1029 1291 1123 1332 Cive
1156 1290 1382 1343 dieiurum‚
1415 1291 1537 1334 facile
1574 1293 1806 1350 intelligitis

478 1396 546 1427 me
576 1393 711 1435 neque
745 1378 907 1434 prorsus
937 1378 1158 1418 excludere
1191 1378 1260 1419 illa
1285 1379 1438 1430 officia,
1471 1393 1572 1432 quae
1596 1382 1644 1422 ad
1663 1383 1807 1424 arffio-

480 1484 567 1513 rem
600 1469 812 1523 pertinent
841 1466 1147 1518 colligationem
1179 1477 1273 1506 cum
1304 1478 1460 1517 uxore,
1501 1468 1667 1520 liberis,
1710 1483 1804 1523 pro-

478 1557 669 1615 pinquis,
698 1554 863 1604 amicis,
894 1565 1030 1605 neque
1059 1562 1196 1593 tamen
1227 1565 1275 1595 ea
1306 1554 1423 1593 aliter
1446 1553 1651 1606 speElare‚
1682 1569 1802 1610 quam

479 1653 678 1700 quatenus
699 1653 823 1683 nemo
845 1642 978 1681 bonus
1001 1640 1116 1680 Civis
1144 1639 1344 1680 dicendus
1369 1640 1450 1691 est,
1481 1643 1551 1694 qui
1573 1641 1808 1695 paterfami-

478 1733 553 1774 lias
592 1730 641 1771 s1t
683 1740 817 1768 rerum
853 1726 1010 1767 suarum
1041 1727 1282 1779 negligens,
1321 1727 1363 1766 in
1397 1727 1617 1781 conjugem
1653 1729 1803 1782 durus,

480 1831 577 1873 erga
610 1817 761 1856 liberos
793 1814 972 1862 inmitis,
1006 1813 1196 1854 adversus
1224 1825 1366 1853 omnes
1399 1816 1469 1855 vel
1492 1816 1700 1867 morosus,
1730 1819 1803 1859 vel

480 1902 744 1949 commodum
779 1900 894 1941 suum
921 1900 1143 1952 respiciens
1170 1900 1307 1940 unice.
1365 1900 1632 1943 Existimabat
1663 1903 1804 1947 Socra-

479 2004 570 2043 tes,
600 1991 769 2044 primam
803 1989 841 2029 &
875 1987 1134 2040 praecipuam
1170 1986 1407 2027 societatem
1439 1987 1519 2028 effe
1543 1989 1584 2029 in
1608 1991 1805 2045 conjugio

480 2082 520 2123 &
559 2078 725 2126 liberis,
779 2086 954 2126 eumque
994 2075 1064 2126 qui
1103 2075 1230 2115 vitam
1271 2073 1462 2115 socialem
1505 2077 1548 2116 in
1591 2076 1662 2116 istri
1701 2090 1801 2119 con-

476 2165 689 2221 Junffione
722 2170 984 2212 contemnat,
1022 2161 1070 2202 ad
1101 2161 1395 2204 humanitatem
1422 2173 1509 2204 non
1536 2162 1617 2204 effe
1648 2173 1802 2206 natum.

1689 2250 1801 2292 Lon-
