<?xml version="1.0" encoding="UTF-8"?>
<!DOCTYPE html PUBLIC "-//W3C//DTD XHTML 1.0 Transitional//EN"
    "http://www.w3.org/TR/xhtml1/DTD/xhtml1-transitional.dtd">
<html xmlns="http://www.w3.org/1999/xhtml" xml:lang="en" lang="en">
 <head>
  <title>
</title>
<meta http-equiv="Content-Type" content="text/html;charset=utf-8" />
  <meta name='ocr-system' content='tesseract 3.04.00' />
  <meta name='ocr-capabilities' content='ocr_page ocr_carea ocr_par ocr_line ocrx_word'/>
</head>
<body>
  <div class='ocr_page' id='page_1' title='image "./ioannisluzacorat1796luza_0040.png"; bbox 0 0 2137 2921; ppageno 0'>
   <div class='ocr_carea' id='block_1_1' title="bbox 511 206 1491 253">
    <p class='ocr_par' dir='ltr' id='par_1_1' title="bbox 511 206 1491 253">
     <span class='ocr_line' id='line_1_1' title="bbox 511 206 1491 253; baseline -0.001 -1"><span class='ocrx_word' id='word_1_1' title='bbox 511 223 560 253; x_wconf 77' lang='lat'>22</span> <span class='ocrx_word' id='word_1_2' title='bbox 858 206 1491 251; x_wconf 90' lang='lat' dir='ltr'>ORATIO</span> 
     </span>
    </p>
   </div>
   <div class='ocr_carea' id='block_1_2' title="bbox 500 325 1837 2212">
    <p class='ocr_par' dir='ltr' id='par_1_2' title="bbox 509 325 1837 1160">
     <span class='ocr_line' id='line_1_2' title="bbox 520 325 1837 378; baseline 0.005 -9"><span class='ocrx_word' id='word_1_3' title='bbox 520 328 725 369; x_wconf 82' lang='lat' dir='ltr'>Siculam?</span> <span class='ocrx_word' id='word_1_4' title='bbox 748 326 836 377; x_wconf 83' lang='lat' dir='ltr'>quis</span> <span class='ocrx_word' id='word_1_5' title='bbox 859 325 1054 365; x_wconf 86' lang='lat' dir='ltr'>munitam</span> <span class='ocrx_word' id='word_1_6' title='bbox 1074 325 1333 368; x_wconf 77' lang='lat' dir='ltr'>Deceleam?</span> <span class='ocrx_word' id='word_1_7' title='bbox 1356 328 1444 378; x_wconf 87' lang='lat' dir='ltr'>quis</span> <span class='ocrx_word' id='word_1_8' title='bbox 1465 329 1644 371; x_wconf 86' lang='lat' dir='ltr'>eversam</span> <span class='ocrx_word' id='word_1_9' title='bbox 1666 331 1837 376; x_wconf 85' lang='lat' dir='ltr'>formam</span> 
     </span>
     <span class='ocr_line' id='line_1_3' title="bbox 515 412 1834 471; baseline 0.005 -17"><span class='ocrx_word' id='word_1_10' title='bbox 515 415 754 467; x_wconf 74' lang='lat' dir='ltr'>popularem</span> <span class='ocrx_word' id='word_1_11' title='bbox 783 412 1005 464; x_wconf 80' lang='lat' dir='ltr'><strong>legitimam</strong></span> <span class='ocrx_word' id='word_1_12' title='bbox 1033 413 1071 452; x_wconf 72' lang='grc' dir='ltr'>δε</span> <span class='ocrx_word' id='word_1_13' title='bbox 1097 413 1138 451; x_wconf 88' lang='lat' dir='ltr'>in</span> <span class='ocrx_word' id='word_1_14' title='bbox 1173 414 1476 466; x_wconf 85' lang='lat' dir='ltr'>Oligarchicum</span> <span class='ocrx_word' id='word_1_15' title='bbox 1504 416 1834 471; x_wconf 81' lang='lat' dir='ltr'>Quadringento-</span> 
     </span>
     <span class='ocr_line' id='line_1_4' title="bbox 515 499 1836 558; baseline 0.005 -17"><span class='ocrx_word' id='word_1_16' title='bbox 515 514 601 541; x_wconf 90' lang='lat' dir='ltr'>rum</span> <span class='ocrx_word' id='word_1_17' title='bbox 629 500 843 551; x_wconf 85' lang='lat' dir='ltr'>imperium</span> <span class='ocrx_word' id='word_1_18' title='bbox 869 499 1138 540; x_wconf 77' lang='lat' dir='ltr'>conversam?</span> <span class='ocrx_word' id='word_1_19' title='bbox 1170 501 1259 552; x_wconf 87' lang='lat' dir='ltr'>quis</span> <span class='ocrx_word' id='word_1_20' title='bbox 1287 501 1489 558; x_wconf 47' lang='lat' dir='ltr'>obseffasf,</span> <span class='ocrx_word' id='word_1_21' title='bbox 1519 503 1625 545; x_wconf 87' lang='lat' dir='ltr'>fame</span> <span class='ocrx_word' id='word_1_22' title='bbox 1650 507 1836 558; x_wconf 56' lang='lat' dir='ltr'>emeras,</span> 
     </span>
     <span class='ocr_line' id='line_1_5' title="bbox 512 586 1833 645; baseline 0.004 -16"><span class='ocrx_word' id='word_1_23' title='bbox 512 588 717 642; x_wconf 57' lang='lat' dir='ltr'>proditam,</span> <span class='ocrx_word' id='word_1_24' title='bbox 760 597 896 639; x_wconf 85' lang='lat' dir='ltr'>captas</span> <span class='ocrx_word' id='word_1_25' title='bbox 929 586 1147 627; x_wconf 70' lang='lat' dir='ltr'>Athenas?</span> <span class='ocrx_word' id='word_1_26' title='bbox 1185 588 1274 638; x_wconf 87' lang='lat' dir='ltr'>quis</span> <span class='ocrx_word' id='word_1_27' title='bbox 1311 589 1494 640; x_wconf 67' lang='lat' dir='ltr'>dejectos</span> <span class='ocrx_word' id='word_1_28' title='bbox 1519 594 1686 634; x_wconf 76' lang='lat' dir='ltr'>muros?</span> <span class='ocrx_word' id='word_1_29' title='bbox 1718 596 1833 645; x_wconf 83' lang='lat' dir='ltr'>quis,</span> 
     </span>
     <span class='ocr_line' id='line_1_6' title="bbox 512 675 1835 733; baseline 0.005 -17"><span class='ocrx_word' id='word_1_30' title='bbox 512 677 584 716; x_wconf 89' lang='lat' dir='ltr'>sub</span> <span class='ocrx_word' id='word_1_31' title='bbox 626 675 1046 716; x_wconf 79' lang='lat' dir='ltr'>Lacedaemoniorum</span> <span class='ocrx_word' id='word_1_32' title='bbox 1080 676 1310 726; x_wconf 86' lang='lat' dir='ltr'>patrocinio</span> <span class='ocrx_word' id='word_1_33' title='bbox 1346 677 1384 716; x_wconf 85' lang='lat'>&amp;</span> <span class='ocrx_word' id='word_1_34' title='bbox 1418 680 1546 718; x_wconf 76' lang='lat' dir='ltr'>tutela</span> <span class='ocrx_word' id='word_1_35' title='bbox 1571 710 1583 730; x_wconf 86' lang='lat'><strong>,</strong></span> <span class='ocrx_word' id='word_1_36' title='bbox 1626 679 1835 733; x_wconf 85' lang='lat' dir='ltr'>furentes,</span> 
     </span>
     <span class='ocr_line' id='line_1_7' title="bbox 509 761 1835 818; baseline 0.004 -15"><span class='ocrx_word' id='word_1_37' title='bbox 509 762 696 816; x_wconf 59' lang='lat' dir='ltr'>oppress-[r</span> <span class='ocrx_word' id='word_1_38' title='bbox 728 762 966 810; x_wconf 81' lang='lat' dir='ltr'>Libertate,</span> <span class='ocrx_word' id='word_1_39' title='bbox 993 761 1185 803; x_wconf 83' lang='lat' dir='ltr'>adversus</span> <span class='ocrx_word' id='word_1_40' title='bbox 1217 763 1418 814; x_wconf 90' lang='lat' dir='ltr'>optimum</span> <span class='ocrx_word' id='word_1_41' title='bbox 1455 778 1658 818; x_wconf 82' lang='lat' dir='ltr'>quemque</span> <span class='ocrx_word' id='word_1_42' title='bbox 1698 769 1835 808; x_wconf 86' lang='lat' dir='ltr'>civem</span> 
     </span>
     <span class='ocr_line' id='line_1_8' title="bbox 512 847 1835 905; baseline 0.002 -13"><span class='ocrx_word' id='word_1_43' title='bbox 512 852 678 905; x_wconf 83' lang='lat' dir='ltr'>triginta</span> <span class='ocrx_word' id='word_1_44' title='bbox 709 850 952 901; x_wconf 81' lang='lat' dir='ltr'>Tyrannos‘?</span> <span class='ocrx_word' id='word_1_45' title='bbox 991 849 1081 901; x_wconf 88' lang='lat' dir='ltr'>quis</span> <span class='ocrx_word' id='word_1_46' title='bbox 1114 847 1316 900; x_wconf 81' lang='lat' dir='ltr'>denique,</span> <span class='ocrx_word' id='word_1_47' title='bbox 1347 850 1558 903; x_wconf 85' lang='lat' dir='ltr'>postquam</span> <span class='ocrx_word' id='word_1_48' title='bbox 1586 864 1678 892; x_wconf 89' lang='lat' dir='ltr'>cum</span> <span class='ocrx_word' id='word_1_49' title='bbox 1704 856 1835 894; x_wconf 82' lang='lat' dir='ltr'>omni-</span> 
     </span>
     <span class='ocr_line' id='line_1_9' title="bbox 513 935 1834 991; baseline 0.002 -12"><span class='ocrx_word' id='word_1_50' title='bbox 513 941 588 980; x_wconf 86' lang='lat' dir='ltr'>bus</span> <span class='ocrx_word' id='word_1_51' title='bbox 620 937 789 978; x_wconf 85' lang='lat' dir='ltr'>miseriis</span> <span class='ocrx_word' id='word_1_52' title='bbox 823 935 1074 976; x_wconf 64' lang='lat' dir='ltr'>conflictatae</span> <span class='ocrx_word' id='word_1_53' title='bbox 1108 935 1238 976; x_wconf 85' lang='lat' dir='ltr'>effent</span> <span class='ocrx_word' id='word_1_54' title='bbox 1268 938 1480 988; x_wconf 85' lang='lat' dir='ltr'>Athenae,</span> <span class='ocrx_word' id='word_1_55' title='bbox 1513 939 1689 991; x_wconf 60' lang='lat' dir='ltr'>ejeffi‘mm</span> <span class='ocrx_word' id='word_1_56' title='bbox 1710 943 1834 981; x_wconf 90' lang='lat' dir='ltr'>truci-</span> 
     </span>
     <span class='ocr_line' id='line_1_10' title="bbox 510 1023 1832 1079; baseline 0.002 -13"><span class='ocrx_word' id='word_1_57' title='bbox 510 1027 730 1075; x_wconf 86' lang='lat' dir='ltr'>datumque</span> <span class='ocrx_word' id='word_1_58' title='bbox 762 1024 932 1063; x_wconf 70' lang='lat' dir='ltr'>Critian]</span> <span class='ocrx_word' id='word_1_59' title='bbox 964 1035 1057 1062; x_wconf 88' lang='lat' dir='ltr'>eum</span> <span class='ocrx_word' id='word_1_60' title='bbox 1089 1023 1325 1064; x_wconf 86' lang='lat' dir='ltr'>crudelibus</span> <span class='ocrx_word' id='word_1_61' title='bbox 1349 1024 1493 1075; x_wconf 80' lang='lat' dir='ltr'>sociis,</span> <span class='ocrx_word' id='word_1_62' title='bbox 1525 1024 1566 1066; x_wconf 72' lang='grc' dir='ltr'>δε</span> <span class='ocrx_word' id='word_1_63' title='bbox 1589 1027 1832 1079; x_wconf 88' lang='lat' dir='ltr'>Rempubli-</span> 
     </span>
     <span class='ocr_line' id='line_1_11' title="bbox 509 1108 1454 1160; baseline -0.003 -7"><span class='ocrx_word' id='word_1_64' title='bbox 509 1124 599 1153; x_wconf 88' lang='lat' dir='ltr'>carn</span> <span class='ocrx_word' id='word_1_65' title='bbox 634 1123 655 1150; x_wconf 89' lang='lat' dir='ltr'>a</span> <span class='ocrx_word' id='word_1_66' title='bbox 683 1108 941 1160; x_wconf 82' lang='lat' dir='ltr'>Thrasybulo</span> <span class='ocrx_word' id='word_1_67' title='bbox 971 1109 1174 1160; x_wconf 82' lang='lat' dir='ltr'>praeclare</span> <span class='ocrx_word' id='word_1_68' title='bbox 1197 1108 1454 1150; x_wconf 79' lang='lat' dir='ltr'>restitutam?</span> 
     </span>
    </p>

    <p class='ocr_par' dir='ltr' id='par_1_3' title="bbox 500 1195 1834 2212">
     <span class='ocr_line' id='line_1_12' title="bbox 517 1195 1834 1251; baseline 0.002 -12"><span class='ocrx_word' id='word_1_69' title='bbox 517 1207 521 1209; x_wconf 86' lang='grc'><strong><em>·</em></strong></span> <span class='ocrx_word' id='word_1_70' title='bbox 560 1198 723 1240; x_wconf 91' lang='lat' dir='ltr'>Horum</span> <span class='ocrx_word' id='word_1_71' title='bbox 754 1196 938 1236; x_wconf 90' lang='lat' dir='ltr'>omnium</span> <span class='ocrx_word' id='word_1_72' title='bbox 969 1195 1191 1246; x_wconf 85' lang='lat' dir='ltr'>malorum,</span> <span class='ocrx_word' id='word_1_73' title='bbox 1230 1207 1331 1248; x_wconf 88' lang='lat' dir='ltr'>quae</span> <span class='ocrx_word' id='word_1_74' title='bbox 1359 1208 1483 1237; x_wconf 89' lang='lat' dir='ltr'>nemo</span> <span class='ocrx_word' id='word_1_75' title='bbox 1505 1196 1562 1238; x_wconf 92' lang='lat' dir='ltr'>est</span> <span class='ocrx_word' id='word_1_76' title='bbox 1582 1197 1834 1251; x_wconf 85' lang='lat' dir='ltr'>Scriptorum</span> 
     </span>
     <span class='ocr_line' id='line_1_13' title="bbox 509 1281 1830 1336; baseline 0.001 -8"><span class='ocrx_word' id='word_1_77' title='bbox 509 1294 699 1328; x_wconf 78' lang='lat' dir='ltr'>veterum</span> <span class='ocrx_word' id='word_1_78' title='bbox 739 1284 810 1336; x_wconf 88' lang='lat' dir='ltr'>qui</span> <span class='ocrx_word' id='word_1_79' title='bbox 854 1294 939 1323; x_wconf 91' lang='lat' dir='ltr'>non</span> <span class='ocrx_word' id='word_1_80' title='bbox 969 1281 1121 1323; x_wconf 87' lang='lat' dir='ltr'>referat</span> <span class='ocrx_word' id='word_1_81' title='bbox 1154 1282 1202 1322; x_wconf 90' lang='lat' dir='ltr'>ad</span> <span class='ocrx_word' id='word_1_82' title='bbox 1230 1283 1400 1335; x_wconf 86' lang='lat' dir='ltr'>primam</span> <span class='ocrx_word' id='word_1_83' title='bbox 1441 1284 1605 1325; x_wconf 87' lang='lat' dir='ltr'>effrenis</span> <span class='ocrx_word' id='word_1_84' title='bbox 1637 1286 1830 1330; x_wconf 82' lang='lat' dir='ltr'>licentiae</span> 
     </span>
     <span class='ocr_line' id='line_1_14' title="bbox 507 1369 1830 1428; baseline -0.001 -13"><span class='ocrx_word' id='word_1_85' title='bbox 507 1372 718 1428; x_wconf 88' lang='lat' dir='ltr'>popularis</span> <span class='ocrx_word' id='word_1_86' title='bbox 753 1369 952 1418; x_wconf 79' lang='lat' dir='ltr'>cauffam3</span> <span class='ocrx_word' id='word_1_87' title='bbox 982 1390 1023 1399; x_wconf 89' lang='lat'>-—</span> <span class='ocrx_word' id='word_1_88' title='bbox 1053 1370 1198 1410; x_wconf 92' lang='lat' dir='ltr'>horum</span> <span class='ocrx_word' id='word_1_89' title='bbox 1230 1371 1414 1410; x_wconf 90' lang='lat' dir='ltr'>omnium</span> <span class='ocrx_word' id='word_1_90' title='bbox 1438 1372 1633 1412; x_wconf 88' lang='lat' dir='ltr'>malorum</span> <span class='ocrx_word' id='word_1_91' title='bbox 1656 1372 1767 1412; x_wconf 85' lang='lat' dir='ltr'>testis</span> <span class='ocrx_word' id='word_1_92' title='bbox 1790 1375 1830 1414; x_wconf 86' lang='lat'>&amp;</span> 
     </span>
     <span class='ocr_line' id='line_1_15' title="bbox 504 1456 1829 1516; baseline -0.002 -13"><span class='ocrx_word' id='word_1_93' title='bbox 504 1460 707 1516; x_wconf 65' lang='lat' dir='ltr'>spectator</span> <span class='ocrx_word' id='word_1_94' title='bbox 737 1457 819 1499; x_wconf 83' lang='lat' dir='ltr'>fuit</span> <span class='ocrx_word' id='word_1_95' title='bbox 847 1456 1059 1498; x_wconf 85' lang='lat' dir='ltr'>Socrates:</span> <span class='ocrx_word' id='word_1_96' title='bbox 1090 1457 1171 1508; x_wconf 85' lang='lat' dir='ltr'>Et,</span> <span class='ocrx_word' id='word_1_97' title='bbox 1203 1470 1295 1497; x_wconf 87' lang='lat' dir='ltr'>cum</span> <span class='ocrx_word' id='word_1_98' title='bbox 1316 1470 1403 1498; x_wconf 91' lang='lat' dir='ltr'>non</span> <span class='ocrx_word' id='word_1_99' title='bbox 1431 1457 1552 1499; x_wconf 86' lang='lat' dir='ltr'>facile</span> <span class='ocrx_word' id='word_1_100' title='bbox 1579 1468 1643 1500; x_wconf 87' lang='lat' dir='ltr'>tot</span> <span class='ocrx_word' id='word_1_101' title='bbox 1662 1472 1707 1501; x_wconf 86' lang='lat' dir='ltr'>ae</span> <span class='ocrx_word' id='word_1_102' title='bbox 1729 1461 1829 1501; x_wconf 89' lang='lat' dir='ltr'>tanti</span> 
     </span>
     <span class='ocr_line' id='line_1_16' title="bbox 503 1545 1828 1600; baseline -0.002 -10"><span class='ocrx_word' id='word_1_103' title='bbox 503 1547 753 1591; x_wconf 84' lang='lat' dir='ltr'>funestissimi</span> <span class='ocrx_word' id='word_1_104' title='bbox 777 1545 889 1586; x_wconf 91' lang='lat' dir='ltr'>casus</span> <span class='ocrx_word' id='word_1_105' title='bbox 909 1545 1011 1585; x_wconf 88' lang='lat' dir='ltr'>intra</span> <span class='ocrx_word' id='word_1_106' title='bbox 1038 1546 1165 1586; x_wconf 90' lang='lat' dir='ltr'>breve</span> <span class='ocrx_word' id='word_1_107' title='bbox 1190 1557 1412 1598; x_wconf 88' lang='lat' dir='ltr'>paucorum</span> <span class='ocrx_word' id='word_1_108' title='bbox 1436 1558 1633 1587; x_wconf 89' lang='lat' dir='ltr'>annorum</span> <span class='ocrx_word' id='word_1_109' title='bbox 1655 1546 1828 1600; x_wconf 89' lang='lat' dir='ltr'>spatium</span> 
     </span>
     <span class='ocr_line' id='line_1_17' title="bbox 504 1632 1830 1688; baseline -0.002 -10"><span class='ocrx_word' id='word_1_110' title='bbox 504 1639 547 1678; x_wconf 84' lang='lat' dir='ltr'>in</span> <span class='ocrx_word' id='word_1_111' title='bbox 566 1634 745 1677; x_wconf 76' lang='lat' dir='ltr'>Historia</span> <span class='ocrx_word' id='word_1_112' title='bbox 765 1632 1045 1684; x_wconf 87' lang='lat' dir='ltr'>cujuscunque</span> <span class='ocrx_word' id='word_1_113' title='bbox 1067 1633 1200 1685; x_wconf 89' lang='lat' dir='ltr'>gentis</span> <span class='ocrx_word' id='word_1_114' title='bbox 1221 1633 1402 1674; x_wconf 82' lang='lat' dir='ltr'>conclusi</span> <span class='ocrx_word' id='word_1_115' title='bbox 1422 1634 1696 1685; x_wconf 84' lang='lat' dir='ltr'>reperiantur,</span> <span class='ocrx_word' id='word_1_116' title='bbox 1729 1646 1830 1688; x_wconf 89' lang='lat' dir='ltr'>ope-</span> 
     </span>
     <span class='ocr_line' id='line_1_18' title="bbox 503 1718 1830 1775; baseline -0.002 -10"><span class='ocrx_word' id='word_1_117' title='bbox 503 1736 567 1765; x_wconf 89' lang='lat' dir='ltr'>rae</span> <span class='ocrx_word' id='word_1_118' title='bbox 592 1718 772 1775; x_wconf 72' lang='lat' dir='ltr'>pretiuni</span> <span class='ocrx_word' id='word_1_119' title='bbox 805 1719 862 1760; x_wconf 89' lang='lat' dir='ltr'>est</span> <span class='ocrx_word' id='word_1_120' title='bbox 895 1719 1148 1759; x_wconf 84' lang='lat' dir='ltr'>confiderare</span> <span class='ocrx_word' id='word_1_121' title='bbox 1164 1749 1177 1769; x_wconf 80' lang='grc'>,</span> <span class='ocrx_word' id='word_1_122' title='bbox 1211 1721 1339 1770; x_wconf 86' lang='lat' dir='ltr'>qualis</span> <span class='ocrx_word' id='word_1_123' title='bbox 1363 1721 1405 1760; x_wconf 91' lang='lat' dir='ltr'>in</span> <span class='ocrx_word' id='word_1_124' title='bbox 1431 1729 1511 1760; x_wconf 89' lang='lat' dir='ltr'>tam</span> <span class='ocrx_word' id='word_1_125' title='bbox 1537 1721 1716 1772; x_wconf 83' lang='lat' dir='ltr'>crebris,</span> <span class='ocrx_word' id='word_1_126' title='bbox 1749 1730 1830 1762; x_wconf 82' lang='lat' dir='ltr'>tarn</span> 
     </span>
     <span class='ocr_line' id='line_1_19' title="bbox 504 1806 1827 1860; baseline -0.002 -9"><span class='ocrx_word' id='word_1_127' title='bbox 504 1811 673 1860; x_wconf 85' lang='lat' dir='ltr'>subitis,</span> <span class='ocrx_word' id='word_1_128' title='bbox 727 1818 808 1848; x_wconf 82' lang='lat' dir='ltr'>tam</span> <span class='ocrx_word' id='word_1_129' title='bbox 834 1807 988 1857; x_wconf 81' lang='lat' dir='ltr'>variis,</span> <span class='ocrx_word' id='word_1_130' title='bbox 1040 1815 1121 1846; x_wconf 82' lang='lat' dir='ltr'>tam</span> <span class='ocrx_word' id='word_1_131' title='bbox 1152 1806 1350 1847; x_wconf 89' lang='lat' dir='ltr'>violentis</span> <span class='ocrx_word' id='word_1_132' title='bbox 1391 1808 1511 1859; x_wconf 88' lang='lat' dir='ltr'>Reip.</span> <span class='ocrx_word' id='word_1_133' title='bbox 1551 1809 1827 1848; x_wconf 77' lang='lat' dir='ltr'>conversioni-</span> 
     </span>
     <span class='ocr_line' id='line_1_20' title="bbox 504 1892 1827 1948; baseline -0.003 -8"><span class='ocrx_word' id='word_1_134' title='bbox 504 1901 608 1948; x_wconf 82' lang='lat' dir='ltr'>bus,</span> <span class='ocrx_word' id='word_1_135' title='bbox 637 1918 680 1926; x_wconf 90' lang='lat'>—</span> <span class='ocrx_word' id='word_1_136' title='bbox 709 1895 865 1948; x_wconf 80' lang='lat' dir='ltr'>qualis,</span> <span class='ocrx_word' id='word_1_137' title='bbox 898 1895 1085 1946; x_wconf 87' lang='lat' dir='ltr'>inquam,</span> <span class='ocrx_word' id='word_1_138' title='bbox 1117 1894 1221 1934; x_wconf 88' lang='lat' dir='ltr'>civis</span> <span class='ocrx_word' id='word_1_139' title='bbox 1244 1892 1370 1934; x_wconf 87' lang='lat' dir='ltr'>fuerit</span> <span class='ocrx_word' id='word_1_140' title='bbox 1393 1895 1592 1934; x_wconf 86' lang='lat' dir='ltr'>Socrates.</span> <span class='ocrx_word' id='word_1_141' title='bbox 1651 1896 1735 1936; x_wconf 87' lang='lat' dir='ltr'>Aut</span> <span class='ocrx_word' id='word_1_142' title='bbox 1760 1908 1827 1937; x_wconf 89' lang='lat' dir='ltr'>me</span> 
     </span>
     <span class='ocr_line' id='line_1_21' title="bbox 502 1980 1824 2035; baseline -0.004 -8"><span class='ocrx_word' id='word_1_143' title='bbox 502 1986 638 2027; x_wconf 88' lang='lat' dir='ltr'>omnia</span> <span class='ocrx_word' id='word_1_144' title='bbox 670 1982 840 2032; x_wconf 84' lang='lat' dir='ltr'>fallunt,</span> <span class='ocrx_word' id='word_1_145' title='bbox 880 1991 948 2023; x_wconf 86' lang='lat' dir='ltr'>aut</span> <span class='ocrx_word' id='word_1_146' title='bbox 970 1980 1202 2022; x_wconf 84' lang='lat' dir='ltr'>fatebimini</span> <span class='ocrx_word' id='word_1_147' title='bbox 1234 1993 1422 2031; x_wconf 83' lang='lat' dir='ltr'>mecum,</span> <span class='ocrx_word' id='word_1_148' title='bbox 1455 1981 1824 2035; x_wconf 82' lang='lat' dir='ltr'>quemadmodum,</span> 
     </span>
     <span class='ocr_line' id='line_1_22' title="bbox 502 2069 1827 2122; baseline -0.003 -8"><span class='ocrx_word' id='word_1_149' title='bbox 502 2085 597 2114; x_wconf 89' lang='lat' dir='ltr'>cum</span> <span class='ocrx_word' id='word_1_150' title='bbox 618 2070 824 2113; x_wconf 84' lang='lat' dir='ltr'>saeviffimi</span> <span class='ocrx_word' id='word_1_151' title='bbox 850 2070 943 2110; x_wconf 85' lang='lat' dir='ltr'>mali</span> <span class='ocrx_word' id='word_1_152' title='bbox 962 2069 1073 2108; x_wconf 84' lang='lat' dir='ltr'>labes</span> <span class='ocrx_word' id='word_1_153' title='bbox 1096 2069 1412 2109; x_wconf 84' lang='lat' dir='ltr'>innumerabiles</span> <span class='ocrx_word' id='word_1_154' title='bbox 1428 2069 1701 2109; x_wconf 88' lang='lat' dir='ltr'>Athenienses</span> <span class='ocrx_word' id='word_1_155' title='bbox 1726 2082 1827 2122; x_wconf 88' lang='lat' dir='ltr'>quo-</span> 
     </span>
     <span class='ocr_line' id='line_1_23' title="bbox 500 2154 1822 2212; baseline -0.003 -11"><span class='ocrx_word' id='word_1_156' title='bbox 500 2161 602 2201; x_wconf 83' lang='lat' dir='ltr'>tidie</span> <span class='ocrx_word' id='word_1_157' title='bbox 634 2166 820 2212; x_wconf 84' lang='lat' dir='ltr'>raperet‚</span> <span class='ocrx_word' id='word_1_158' title='bbox 853 2154 1123 2209; x_wconf 70' lang='lat' dir='ltr'>temperantia</span> <span class='ocrx_word' id='word_1_159' title='bbox 1155 2156 1191 2197; x_wconf 89' lang='lat'>&amp;</span> <span class='ocrx_word' id='word_1_160' title='bbox 1217 2154 1457 2198; x_wconf 64' lang='lat' dir='ltr'>abstinentia</span> <span class='ocrx_word' id='word_1_161' title='bbox 1480 2157 1560 2197; x_wconf 88' lang='lat' dir='ltr'>hoc</span> <span class='ocrx_word' id='word_1_162' title='bbox 1584 2156 1723 2198; x_wconf 86' lang='lat' dir='ltr'>effecit</span> <span class='ocrx_word' id='word_1_163' title='bbox 1750 2157 1822 2197; x_wconf 92' lang='lat' dir='ltr'>So-</span> 
     </span>
    </p>
   </div>
   <div class='ocr_carea' id='block_1_3' title="bbox 1739 2256 1823 2284">
    <p class='ocr_par' dir='ltr' id='par_1_4' title="bbox 1739 2256 1823 2284">
     <span class='ocr_line' id='line_1_24' title="bbox 1739 2256 1823 2284; baseline 0.012 -1"><span class='ocrx_word' id='word_1_164' title='bbox 1739 2256 1823 2284; x_wconf 78' lang='lat' dir='ltr'>Cl‘a·</span> 
     </span>
    </p>
   </div>
  </div>
 </body>
</html>
