2137 2921
512 217 568 252 ἰι
862 203 1503 247 ORATIO

513 336 599 369 ret:
630 325 744 367 Dum
775 323 857 365 acri
892 324 1029 378 pugna
1060 321 1222 364 strenue
1253 323 1494 365 dimicarent
1515 332 1715 377 uterque,
1744 325 1838 365 vul-

510 422 674 456 neratur
712 411 951 453 Alc1biades
984 411 1024 453 δε
1055 409 1211 452 saucius
1241 410 1447 463 procidit:
1486 410 1699 464 Jacentem
1730 412 1834 464 tegit

512 500 812 552 Philosophus,
846 499 883 539 &
914 498 1163 551 inspectante
1198 499 1287 540 acie
1313 500 1360 540 ab
1381 498 1558 538 hostium
1578 498 1710 539 servat
1734 499 1840 550 inju-

514 587 591 628 rizi:
634 586 732 628 Nec
770 585 950 627 servavit
992 595 1178 634 tantum3.
1218 585 1290 626 sed
1328 586 1386 625 rei
1415 586 1523 626 bene
1556 585 1687 638 gestae
1724 596 1836 637 prae-

511 677 662 724 mium,
703 673 816 726 quod
851 673 937 725 ipse
972 683 1055 713 erat
1100 674 1386 725 promeritus,
1431 684 1624 713 coronam
1665 673 1838 712 civicam

512 762 551 802 &
583 773 688 802 arma
720 760 998 811 adolescenti,
1029 769 1075 800 ut
1107 761 1222 800 illum
1249 759 1543 800 vehementius
1565 759 1614 799 ad
1636 759 1835 799 virtutem

509 848 548 889 &
571 848 731 889 laudem
755 848 982 898 excitaret,
1015 849 1162 888 lubens
1191 847 1408 897 conceffit,
1450 847 1548 899 quin
1570 846 1682 898 prior
1704 844 1836 886 omni·-

506 936 583 977 bus
606 935 839 976 testimonio
864 935 936 975 suo
963 935 1207 976 vindicavit.

563 1024 626 1062 Ac
659 1022 879 1075 profecto,
921 1023 1106 1074 quamvis
1130 1023 1382 1062 laborantem
1402 1021 1576 1061 Patriam
1603 1019 1830 1060 defendere

506 1109 608 1150 boni
648 1109 751 1149 civis
798 1107 879 1148 effe
918 1109 1201 1156 arbitraretur,
1254 1107 1404 1147 bellica
1447 1119 1531 1146 non
1572 1116 1656 1146 erat
1685 1106 1837 1158 gloria,

507 1207 627 1248 quam
658 1196 832 1235 maxime
863 1196 1084 1247 appetebat
1114 1193 1324 1234 Socrates:
1358 1192 1487 1233 Re&e
1511 1191 1711 1233 {iustorum
1732 1204 1833 1233 con·

507 1281 676 1324 scientia
703 1282 875 1334 sapienti
912 1290 997 1322 erat
1031 1292 1105 1333 pro
1139 1281 1358 1320 mercede:
1393 1281 1475 1320 Seu
1509 1279 1675 1320 militiae
1706 1277 1832 1330 esset,

507 1369 579 1410 seu
602 1370 742 1420 domi,
773 1368 1065 1422 magistratibus
1092 1376 1212 1418 atque
1235 1367 1470 1420 imperatori
1492 1366 1687 1419 obsequi,
1721 1367 1762 1406 in
1782 1367 1835 1406 iis

507 1469 610 1510 quae
645 1457 782 1510 Leges
805 1457 1023 1509 juberent,
1056 1455 1129 1508 ipsi
1158 1467 1241 1495 non
1264 1464 1348 1496 erat
1369 1454 1442 1494 nisi
1463 1451 1641 1494 officium
1665 1451 1832 1494 facere:

506 1543 703 1596 vereque
744 1545 793 1585 ad
843 1545 958 1585 cives
1010 1543 1219 1584 dicentem
1267 1541 1366 1582 facit
1411 1542 1593 1581 PLA'ro
1621 1571 1634 1591 ,
1676 1540 1716 1580 se
1756 1552 1831 1591 per

507 1644 673 1673 omnem
702 1632 831 1671 vitam.
849 1661 861 1679 ‚
892 1631 974 1671 five
996 1631 1191 1681 publice,
1224 1629 1310 1670 five
1331 1629 1544 1680 privatim,
1578 1628 1683 1667 nihil
1704 1625 1831 1679 egiss'e

505 1729 667 1772 praeter
697 1717 756 1759 fas
794 1718 830 1758 &
873 1729 1059 1769 aequum.
1121 1716 1260 1770 Quum
1298 1717 1406 1755 iilius
1447 1725 1578 1756 aetate
1620 1714 1831 1756 adflictiffi-

505 1819 594 1847 mus
626 1804 727 1845 esset
757 1806 876 1857 Reip.
908 1804 1052 1854 status,
1085 1804 1296 1844 discordiis
1326 1803 1521 1842 civilibus
1547 1801 1698 1852 mersa,
1729 1800 1828 1842 afai-

507 1892 638 1933 &iosis
678 1892 839 1944 prodita
864 1922 879 1942 ,
921 1892 959 1932 &
999 1892 1112 1931 bello
1158 1902 1252 1931 cum
1291 1889 1629 1931 Lacedaemoniis
1675 1889 1827 1930 confla-

508 1990 551 2021 to
589 1978 838 2032 pessumdata
879 1979 1063 2029 Civitas,
1107 1977 1245 2030 “ipse
1294 1989 1429 2029 neque
1472 1976 1714 2026 seditionis,
1755 1989 1827 2017 ne·

505 2099 538 2120 υ
566 2079 646 2120 que
681 2066 955 2119 proditionis,
996 2078 1130 2117 neque
1164 2066 1257 2105 mali
1295 2064 1575 2116 cujuscunque
1613 2063 1826 2119 (ΧΕΝΟ-

506 2185 540 2205 „
567 2166 800 2196 nunnus
842 2155 967 2197 verba
1010 2152 1181 2207 refero)
1228 2153 1380 2194 Patriae
1428 2151 1565 2194 attestor
1609 2151 1823 2193 exstitit&

1741 2238 1827 2293 Qui
