2137 2921
500 202 601 246 DE
660 200 1043 248 socRATE
1100 200 1314 245 elvn.
1514 213 1562 255 32

242 333 382 374 nates,
421 321 492 363 seu
522 323 646 374 Reip.
682 323 845 364 Atticae
877 333 952 375 per
988 333 1115 363 unum
1150 322 1259 362 diem
1297 317 1556 368 PraefeEtus,

243 411 365 452 nullis
388 410 458 450 ille
483 411 717 462 potentium
748 410 866 450 minis
889 409 1158 458 conterritus,
1189 409 1311 448 nullis
1331 404 1559 446 multitudi-

242 499 305 538 nis
328 497 572 538 clamoribus
601 496 881 546 perturbatus,
913 493 1134 546 praefraete
1157 493 1468 543 constanterque
1490 501 1560 531 ne·

242 585 376 639 gavit,
408 582 448 622 se
471 581 687 633 quidquam
712 580 934 629 faeturum,
962 579 1073 632 quod
1096 579 1276 632 Legibus
1299 577 1399 618 esset
1419 577 1560 618 adver-

241 669 325 710 sum
338 699 349 719 ,
367 669 465 721 quin
487 668 605 707 malle
630 668 668 708 se
684 670 787 708 mori
801 680 918 718 quam
932 666 1223 708 sacratissimum
1237 697 1248 715 ,
1267 664 1377 716 quod
1393 665 1560 705 Senator

243 755 521 809 praestiterat,
550 754 828 805 jusjurandum
855 754 1009 794 violare
1032 783 1044 803 ,
1076 753 1117 792 id
1141 752 1255 792 ausus
1278 751 1367 804 (ait
1391 751 1561 790 ΧΕΝΟ-

241 841 417 895 PHON)
457 840 570 892 quod
603 852 726 880 nemo
757 840 986 880 mortalium
1016 848 1178 891 praeter
1216 838 1424 878 Socratem
1451 835 1562 877 susti-

241 927 412 970 nuisset:
455 927 655 978 vicitque
685 927 762 967 viri
792 938 899 979 pene
933 926 1112 966 dixeram
1148 925 1278 965 divini
1309 924 1560 965 incredibilis

242 1015 471 1063 fortitudo,
511 1025 596 1054 non
626 1014 666 1053 id
701 1014 867 1065 quidem
886 1044 898 1062 ,
945 1023 992 1052 ut
1020 1013 1162 1054 Duces
1192 1012 1241 1052 ad
1269 1012 1468 1063 populum
1505 1011 1563 1050 rei

245 1099 351 1143 salvii
379 1097 465 1140 vitei
498 1098 779 1146 discederent,
807 1099 877 1138 sed
902 1108 947 1137 ut
969 1098 1054 1148 ipse
1081 1109 1211 1137 noxae
1232 1110 1315 1137 non
1336 1098 1566 1149 implicare·

245 1197 332 1236 tur,
365 1197 480 1237 quam
514 1183 654 1235 postea
684 1182 919 1222 Callixenus
950 1183 986 1222 &
1021 1182 1322 1230 Theramenes,
1355 1183 1453 1232 quin
1475 1184 1565 1222 uni·

243 1272 383 1315 versus
407 1271 587 1322 Populus
619 1268 880 1310 Athenienfis
913 1269 1026 1308 luere
1059 1267 1168 1307 visus
1202 1267 1284 1317 est,
1315 1281 1337 1308 a
1360 1267 1567 1309 Lacedae-

245 1359 394 1401 moniis
428 1357 499 1397 sub
532 1360 672 1410 Jugum
706 1354 841 1395 missus
875 1367 919 1395 ac
950 1355 1223 1395 crudelissimis
1254 1355 1453 1405 Tyrannis
1488 1356 1567 1397 ser.

246 1448 332 1489 vire
367 1443 541 1485 coaetus.

301 1532 359 1573 Et
383 1543 483 1584 quae
509 1532 655 1571 iterum
672 1562 683 1582 ,
714 1531 887 1584 quaeso,
920 1531 1068 1583 optimi
1102 1531 1216 1572 Civis
1237 1529 1384 1580 nostri,
1415 1531 1484 1582 qui
1507 1544 1565 1572 ar·

246 1619 395 1659 dorem
439 1618 674 1658 insanientis
709 1619 863 1670 Populi,
900 1618 1084 1670 placidus
1122 1617 1356 1669 spreverat,
1385 1637 1427 1647 —
1463 1627 1566 1668 quae

250 1705 427 1747 Socratis
458 1703 529 1743 sub
558 1704 736 1755 triginta
759 1704 869 1744 hisce
909 1703 947 1743 T
934 1704 1133 1755 yranm's,
1164 1701 1413 1755 peffumdata
1432 1702 1565 1754 justis-

250 1789 344 1832 fimfi
364 1792 485 1831 etiam
504 1791 717 1840 libertate,
751 1791 790 1831 &
811 1790 905 1830 dum
927 1791 1073 1840 reliqui
1093 1802 1236 1830 omnes
1255 1799 1322 1831 aut
1339 1791 1381 1830 in
1400 1791 1568 1833 exilium

252 1877 461 1927 abiissent,
494 1886 560 1918 aut
579 1876 711 1917 timidi
737 1877 960 1927 servirent,
992 1898 1034 1907 —
1063 1888 1165 1929 quae
1191 1877 1370 1929 denique
1389 1878 1567 1919 Socratis

255 1975 342 2005 tum
373 1963 452 2004 fuit
485 1964 704 2003 conditio?
747 1962 852 2004 Non
884 1964 958 2004 alia
992 1976 1110 2016 quarn
1140 1975 1242 2016 quae
1272 1965 1449 2005 hominis
1476 1977 1569 2018 per-

253 2062 380 2104 petuo
411 2051 528 2091 liberi
559 2050 745 2090 conditio
778 2049 859 2090 esse
886 2051 1013 2091 solet:
1045 2050 1167 2091 Nihil
1194 2061 1332 2093 contra
1352 2053 1484 2106 Leges
1507 2051 1568 2092 fe-

258 2139 339 2187 cit3
370 2146 516 2190 atque,
546 2136 606 2175 uti
629 2145 720 2178 ante
742 2137 925 2190 Populo,
956 2138 1009 2178 fic
1031 2139 1069 2179 &
1092 2151 1184 2179 cum
1209 2139 1389 2192 Legibus
1417 2140 1570 2189 Tyran-

951 2224 985 2264 Ε
1484 2226 1567 2265 nidi
