2137 2921
558 198 671 242 ‘DE
728 195 1106 239 socaATE
1164 195 1374 239 CIVE.
1601 209 1629 252 7

307 322 453 374 Longe
489 318 644 359 idcirco
674 318 811 358 aberat
845 317 893 357 ab
916 316 1078 356 illorum
1100 316 1282 366 ratione,
1313 316 1408 367 qui,
1442 315 1625 357 Thaletis

307 407 423 448 instar
438 437 450 456 ,
481 406 576 446 dum
597 405 829 456 sapientiam
848 402 1098 443 adfectarent
1113 431 1127 451 ,
1161 402 1202 442 id
1223 402 1334 452 quod
1355 401 1544 454 sapientis
1565 403 1624 444 est

303 494 584 547 negligerent,
618 492 755 545 generi
778 491 952 529 humano
981 488 1189 528 inservire,
1238 488 1350 528 Duas
1375 500 1522 529 uxores
1552 489 1624 530 do-

304 592 415 620 mum
436 580 579 627 duxit,
611 577 789 628 priorem
814 575 1082 624 Myrtonem‚
1113 572 1296 613 Aristidis
1315 574 1412 625 Justi
1433 574 1621 628 sanguine

303 674 566 719 prognatam;
598 661 750 712 eaque,
782 671 827 701 ut
857 661 957 700 mihi
980 659 1143 700 videtur
1165 689 1177 709 ,
1209 659 1291 699 fine
1313 661 1453 700 liberis
1477 660 1623 702 defun-

305 751 366 792 ἃέι
386 782 398 802 ,
439 752 603 790 alteram
625 748 890 800 Xanthippen
911 778 923 798 ,
955 759 1055 799 quae
1087 756 1168 786 tres
1196 747 1258 785 illi
1286 745 1394 787 filios
1419 749 1583 800 peperit
1602 779 1617 800 ,

299 839 402 891 patri
423 836 654 889 superstites
681 850 689 874 :
731 835 864 884 Nam,
895 846 997 886 quae
1021 833 1071 873 de
1100 833 1293 882 Socrate,
1325 834 1527 885 geminam
1552 846 1622 874 eo-

301 925 396 965 dem
424 934 611 975 tempore
635 933 806 962 uxorem
838 921 948 960 domi
981 921 1159 960 habente
1180 950 1193 970 ,
1236 918 1386 971 scripta
1413 922 1625 972 reperiun-

298 1020 388 1062 tur,
421 1010 620 1052 calumnia
642 1007 698 1049 est
724 1008 766 1047 in
788 1011 920 1048 virum
942 1007 1326 1047 continentiffimum
1345 1007 1483 1059 potius
1504 1019 1623 1058 quam

301 1098 439 1140 fabula
464 1128 477 1147 ,
526 1094 856 1148 quandoquidem
885 1124 898 1143 ,
954 1106 1055 1145 quae
1097 1103 1285 1144 tanquam
1326 1092 1476 1133 fundus
1513 1094 1623 1134 illius

298 1181 465 1234 ὃψωμίας
490 1183 531 1220 in
552 1180 731 1219 medium
751 1178 953 1226 adfertur,
982 1178 1075 1216 Lex
1097 1179 1258 1226 Attica,
1288 1179 1457 1217 Periclis
1488 1188 1622 1220 aetate
1656 1195 1660 1199 ’

297 1271 376 1311 lata
397 1298 410 1318 ,
445 1264 647 1319 ejusmodi
668 1263 726 1304 est
746 1294 759 1311 ,
787 1272 834 1303 ut
856 1263 925 1314 qui
950 1275 1036 1303 eam
1058 1264 1160 1303 hane
1182 1263 1224 1302 in
1244 1274 1330 1303 rem
1347 1274 1622 1306 memorarunt

294 1354 583 1407 Peripatetici,
616 1353 806 1403 Satyrus,
836 1350 1115 1402 Hieronymus
1138 1349 1348 1400 Rhodius,
1380 1351 1473 1401 alii,
1505 1351 1621 1404 igno-

298 1454 382 1483 rare
408 1453 491 1481 non
515 1439 727 1492 potuerint
746 1468 759 1487 ,
790 1436 873 1488 ipsa
901 1437 1028 1487 haec,
1058 1449 1162 1489 quae
1195 1435 1459 1488 referebant,
1491 1437 1620 1491 Legis

293 1530 420 1570 verba
459 1528 502 1566 in
540 1525 743 1566 diversum
774 1523 935 1576 prorsus
971 1523 1128 1564 sensum
1169 1522 1250 1564 esse
1290 1523 1616 1576 interpretanda,

293 1616 499 1669 Legisque
534 1616 763 1662 rationem,
805 1624 857 1652 ex
891 1611 1070 1669 Historia
1100 1611 1237 1651 Attica
1276 1611 1384 1650 illius
1419 1614 1617 1663 temporis

295 1701 416 1741 facile
443 1699 708 1751 repetendam
736 1729 748 1748 ,
779 1700 894 1739 aliam
922 1699 1091 1737 omnino
1116 1695 1233 1736 fuiffe
1257 1726 1270 1746 ,
1300 1708 1419 1746 quam
1448 1706 1494 1736 ut
1518 1696 1614 1750 (res

294 1789 401 1828 inter
417 1786 597 1826 Graecos
618 1784 795 1824 inaudita
812 1785 859 1837 Ι)
889 1785 1046 1824 licitum
1065 1783 1240 1823 Athenis
1261 1794 1436 1833 unquam
1459 1782 1609 1834 fuerit,

289 1874 443 1925 duplex
483 1872 816 1922 matrimonium,
868 1871 979 1922 quod
1021 1870 1248 1922 legitimum
1283 1867 1384 1909 effer
1407 1899 1421 1919 ,
1461 1870 1610 1911 eodem

286 1970 474 2012 tempore
505 1959 758 1999 contrahere.
788 1979 866 1988 —
895 1957 976 1997 Sed
1007 1956 1076 1997 ista
1099 1987 1111 2008 ,
1154 1969 1255 2008 quae
1279 1957 1410 1996 aliena
1436 1956 1525 1996 sunt
1553 1959 1605 1999 ab

288 2047 370 2086 hoc
399 2047 521 2096 loco,
550 2056 715 2099 agemus
737 2045 858 2086 alias:
890 2043 1018 2084 Nunc
1048 2044 1149 2083 illud
1171 2042 1493 2086 animadvertisse
1522 2043 1604 2084 suf-

283 2131 394 2173 ficiat
416 2162 431 2182 ,
469 2132 677 2174 Socratem
701 2161 717 2183 ,
755 2132 822 2173 cui
853 2131 1090 2173 difficillima
1124 2132 1261 2174 uxoris
1291 2129 1451 2171 indoles
1484 2129 1605 2171 instar

1505 2215 1602 2266 equi
