2137 2921
468 221 495 266 ‘4
814 208 1453 253 ORATIO

471 331 558 374 sum
580 328 809 372 constanter
831 328 1034 377 tenuerit,
1067 336 1187 378 atque
1212 327 1266 369 ita
1294 328 1334 368 se
1360 326 1547 381 gesserit,
1578 338 1624 370 ut
1644 331 1797 384 rigidus

471 430 590 461 verae
622 415 840 468 sapientiae
878 414 1040 455 satelles
1073 414 1246 466 optimas
1276 423 1411 466 partes
1447 426 1650 467 nunquam
1682 417 1797 458 dese·

474 503 622 554 ruisse,
653 514 787 555 neque
820 511 955 543 tamen
986 502 1080 541 ullis
1111 513 1284 553 unquam
1320 503 1472 543 civium
1503 501 1642 544 studiis
1668 512 1801 546 totum

474 590 558 631 sese
582 587 777 632 addixisse
804 590 841 630 δε
867 590 984 629 velut
1006 589 1210 640 mancipio
1233 587 1436 629 tradidiffe
1457 589 1658 630 videatur.

528 677 618 731 Ego
663 688 799 726 vero,
863 686 1198 716 AUDITORES
1249 689 1290 716 o.
1351 689 1390 715 o.
1449 687 1795 717 HUMANISSI-

475 776 510 804 M
527 778 562 814 1,
586 784 627 793 -—-
657 762 788 818 (quid
812 763 919 802 enirn
941 761 1131 812 diffitear,
1163 761 1492 814 perturbatiffima
1512 763 1611 814 hac,
1643 775 1719 815 qua
1738 765 1801 804 vi-

478 852 612 892 vimus
629 880 641 901 ,
675 850 829 890 Patriae
852 849 1091 889 conditione
1106 880 1118 899 ‚
1149 862 1216 889 me
1237 848 1526 891 consolationis
1548 849 1804 902 indigentem

476 939 519 978 in
552 937 661 979 hisce
693 937 1011 990 cogitationibus
1038 935 1276 989 frequenter
1300 935 1380 976 esse
1404 934 1621 988 defixum)
1650 957 1692 965 —
1723 948 1803 989 ego

474 1036 600 1075 vero,
636 1024 732 1064 dum
755 1024 1021 1074 Antiquitatis
1045 1024 1281 1064 memoriam
1304 1025 1446 1064 recolo
1470 1054 1483 1074 ,
1528 1023 1630 1063 duos
1653 1024 1804 1076 potisfi-

476 1122 587 1150 mum
606 1110 775 1150 invenio
803 1110 942 1157 viros,
975 1108 1124 1159 dispari
1157 1108 1398 1147 conditione
1430 1121 1476 1148 ae
1502 1108 1665 1148 fortuna
1688 1138 1700 1157 ‚
1732 1109 1804 1148 sed

477 1197 546 1235 ill-21
574 1194 769 1246 sapientia
791 1204 932 1243 pares,
962 1200 1036 1241 ut,
1069 1192 1273 1243 corruptis
1296 1193 1449 1231 civium
1470 1193 1678 1242 moribus,
1710 1205 1804 1245 per·

479 1282 562 1323 dita
586 1280 839 1333 Republica,
869 1278 1025 1318 adflicta
1050 1291 1123 1330 per
1147 1290 1370 1331 paucorum
1394 1279 1630 1321 dominandi
1664 1281 1802 1321 libidi-

478 1380 574 1409 nem
608 1368 647 1408 &
681 1365 962 1407 universorum
991 1367 1207 1406 amentiam
1242 1367 1430 1407 libertate
1454 1397 1467 1416 ‚
1518 1366 1603 1407 sese
1636 1367 1802 1419 quidem

481 1457 529 1497 ab
557 1455 668 1494 omni
699 1454 922 1494 ambitione
948 1452 1317 1504 discordiarumque
1342 1454 1520 1494 motibus
1541 1465 1805 1495 removerent

482 1552 599 1594 quam
619 1541 865 1594 longissime,
896 1551 1032 1591 neque
1060 1548 1194 1580 tamen
1212 1540 1430 1592 quidquam
1454 1541 1650 1592 temporis
1674 1539 1804 1581 caussa

481 1627 702 1676 facerent3
747 1627 816 1666 sed
846 1627 1017 1666 humana
1047 1626 1190 1666 cuncta
1222 1627 1383 1678 placide
1422 1639 1467 1668 ac
1503 1627 1712 1667 moderate
1744 1626 1805 1667 fe-

485 1722 621 1753 rentes
646 1742 658 1761 ‚
700 1711 740 1751 &
778 1711 850 1751 fibi
880 1713 921 1750 in
951 1712 1037 1751 vita
1076 1712 1178 1751 nihil
1209 1712 1490 1764 praestandum
1527 1722 1688 1764 praeter
1719 1714 1806 1753 cul-

482 1811 574 1852 pam
597 1806 811 1850 putantes,
842 1798 1044 1837 bonorum
1068 1797 1104 1837 &
1129 1799 1420 1839 excellentium
1449 1799 1654 1850 virorum,
1685 1812 1802 1851 quas-

484 1896 646 1937 cunque
696 1885 738 1923 in
779 1884 948 1924 civitate
982 1892 1115 1936 partes
1151 1884 1444 1937 sequerentur,
1486 1884 1600 1924 usum
1628 1886 1805 1927 benivo-

485 1973 734 2022 lentiamque
768 1972 1007 2011 retinerent.
1073 1972 1185 2012 Vere
1221 1973 1329 2012 enim
1366 1973 1627 2012 arbitrabatur
1659 1974 1805 2014 horum

487 2062 618 2109 alter,
665 2059 783 2098 Titus
815 2058 1062 2110 Pomponius
1100 2059 1297 2109 Atticus,
1349 2058 1492 2098 fluetus
1530 2061 1675 2100 civiles
1719 2073 1806 2101 nonr

486 2146 610 2201 magis
640 2147 681 2186 in
711 2145 873 2185 illorum
902 2143 982 2186 effe
1011 2144 1210 2198 potestate
1231 2176 1243 2196 ‚
1276 2146 1343 2198 qui
1376 2144 1415 2186 se
1442 2146 1491 2186 iis
1517 2145 1804 2195 credidissent,

1687 2245 1807 2285 quam.
