2137 2921
524 206 629 256 DE
686 207 1076 254 SOCRATE
1134 206 1348 254 CIVE..
1540 217 1594 260 Π

280 331 593 377 Atheniensium
619 332 786 374 Praetor
815 330 1002 381 Laches,
1031 329 1060 370 fi
1078 331 1230 370 caeteri
1250 328 1352 370 tales
1376 327 1417 369 in
1438 330 1594 383 praelio

278 419 448 462 fuiss'ent
475 430 644 470 omnes,
683 419 808 471 qualis
838 429 941 457 unus
974 416 1185 465 Socrates,
1227 428 1315 457 non
1341 415 1458 459 fuiffe
1488 416 1597 459 futu-

282 519 396 557 rum,
426 516 472 547 ut
501 519 522 547 a
549 506 720 547 Boeotis
749 504 936 543 Athenae
958 502 1009 542 de
1033 502 1155 555 gradu
1177 501 1461 552 dejicerentur.
1521 505 1598 545 Ul·

281 594 404 636 timus
437 603 530 632 cum
567 590 655 644 ipso
690 590 874 631 Lachete
905 591 1042 643 pugna
1072 589 1258 638 exceffit,
1299 589 1414 629 lento
1446 591 1596 643 gradu,

280 678 404 721 animi
448 689 620 731 compos
645 706 657 728 ,
698 677 736 718 ἃ,
771 677 1034 729 insequentes
1075 675 1294 716 Thebanos
1316 705 1329 726 ,
1370 675 1399 715 s1
1432 677 1601 729 propius

280 775 501 819 urgerent,
531 765 765 817 propulsare
787 773 962 816 paratus.
1021 763 1068 803 In
1093 762 1177 815 ipsa
1204 774 1304 803 vero
1326 763 1399 804 hac
1423 763 1545 816 fuga,
1575 764 1603 804 ss

282 853 333 894 de
362 852 529 893 Socrate
551 850 647 904 fuga
667 850 716 890 fit
740 850 1004 903 appellanda,
1034 849 1258 901 divinanti,
1292 862 1368 899 qua
1388 852 1600 901 utebatur,
1627 834 1631 837 ¹

281 939 523 992 prudentiae
555 937 801 988 obsecutus,
833 938 972 978 multis
993 935 1131 978 auctor
1154 935 1290 977 salutis
1314 934 1423 988 fuit,
1455 950 1604 979 cavens

282 1037 334 1066 ne
364 1023 432 1066 via
454 1024 701 1074 insisterent,
732 1036 809 1075 qua
842 1026 883 1063 in
902 1023 1077 1063 hostium
1101 1024 1333 1063 inciderent
1354 1024 1601 1075 equitatum:

282 1111 594 1162 Integerrimum
633 1118 769 1148 autem
807 1110 981 1147 amicum
1016 1109 1053 1147 &
1081 1111 1285 1148 alumnum
1317 1110 1607 1163 digniffimum,

283 1196 635 1248 Xenophontem,
670 1205 805 1246 equo,
838 1194 907 1246 qui
938 1193 1057 1233 cursu
1088 1193 1127 1234 se
1152 1196 1436 1247 proripuerat,
1467 1195 1608 1251 delap-

286 1283 371 1325 sum
404 1281 584 1332 sustulit,
616 1282 802 1334 periculo
839 1281 1018 1333 eripuit,
1051 1281 1200 1334 &ipse
1221 1281 1379 1333 pedes,
1409 1281 1608 1334 Juvenem

288 1375 421 1408 aetate
455 1365 717 1419 provectior,
757 1366 937 1405 humeris
966 1366 1171 1417 portavit,
1215 1365 1348 1406 donec
1379 1364 1475 1419 fuga
1505 1366 1612 1409 fiste.

290 1462 414 1495 retur.
492 1452 625 1507 Quam
688 1451 860 1492 eandem
910 1451 1078 1492 salutem
1126 1452 1420 1505 discipulorum
1469 1454 1612 1505 alteri,

289 1539 577 1593 Xenophontis
606 1539 768 1592 prorsus
798 1539 995 1593 diffimili,
1034 1541 1189 1580 utinam
1224 1539 1262 1579 &
1291 1548 1384 1579 ante
1417 1541 1469 1581 ad
1499 1541 1611 1582 Poti-

290 1626 430 1667 daeam
470 1638 554 1665 non
581 1624 862 1677 praestitifl'et!
908 1626 1192 1675 Alcibiadem,
1240 1637 1397 1666 morum
1427 1628 1615 1678 publico-

293 1725 382 1753 rum
414 1721 728 1764 corruptorem,
782 1712 820 1752 &
859 1711 1040 1762 Patriae,
1081 1711 1164 1752 five
1202 1712 1353 1752 amicus
1394 1711 1496 1754 ess'et
1530 1714 1614 1757 five

292 1798 416 1840 hostis
434 1828 446 1848 ,
475 1797 655 1850 pestem,
696 1798 845 1838 deinde
877 1810 960 1838 non
994 1806 1187 1850 expertae
1208 1798 1373 1839 fuissent
1398 1800 1612 1843 Athenae:

296 1886 376 1927 Sed
399 1886 588 1925 nimirum
618 1896 742 1925 nemo
770 1896 945 1936 unquam
975 1896 1217 1938 praeceptor
1235 1887 1409 1937 juvenes
1430 1887 1472 1928 in
1495 1888 1614 1931 disci-

297 1974 448 2025 plinam
473 1973 641 2013 traditos
675 1971 814 2012 castius
849 1973 996 2013 amavit
1023 1981 1090 2013 aut
1120 1972 1326 2013 fincerius.
1387 1974 1617 2018 Contuber-

301 2060 434 2100 nalem
464 2060 505 2099 in
540 2060 750 2100 obfidione
776 2060 993 2100 Potidaeae
1021 2061 1129 2100 hunc
1165 2061 1323 2101 Cliniae
1346 2060 1472 2101 filium
1494 2063 1617 2104 habe-

302 2147 371 2187 bat
400 2145 612 2197 Socrates,
644 2148 680 2188 ἃ
706 2146 746 2186 in
766 2149 1053 2188 certaminibus
1078 2146 1257 2198 socium,
1288 2149 1357 2199 qui
1379 2148 1481 2189 latus
1503 2160 1616 2202 tege·

1012 2233 1043 2273 B
1077 2246 1098 2272 2
1531 2246 1613 2275 ret:
