2137 2921
522 210 628 256 DE
685 210 1065 254 SOCRATE
1123 211 1335 255 CIVE.
1536 225 1591 268 27

319 333 532 377 Nimirum
548 363 562 384 ‚
592 334 661 386 qui
690 345 783 373 cum
804 333 964 385 populo
992 332 1163 374 insanire
1188 332 1349 374 recuset
1369 362 1383 382 ‚
1411 333 1475 374 vir
1495 346 1591 387 pru·

264 422 367 464 dens
398 420 436 461 δι
460 422 616 474 gravis,
646 430 867 474 propterea
892 431 1027 471 neque
1051 420 1137 472 ipse
1164 420 1271 461 furat
1293 421 1483 471 vicissim,
1514 434 1592 464 nec

261 510 462 564 populum
495 509 644 549 oderit,
702 506 908 557 Exemplo
935 507 1084 546 iterum
1116 507 1165 546 s1t
1194 508 1408 548 Socrates:
1441 509 1587 550 Nemo

264 596 430 636 caritate
458 594 611 635 Patriae
641 593 766 646 magis
789 602 1046 643 commotus,
1077 605 1203 633 nemo
1224 594 1337 634 cives
1358 594 1498 646 maJ'ori
1519 598 1590 636 be-

265 680 505 724 nevolentia
537 682 806 733 complexus,
838 680 1066 732 nemosolo
1091 681 1225 732 patrio
1247 682 1339 732 plus
1366 682 1589 723 delectatus

264 768 347 819 est,
378 769 434 809 ita
463 778 509 808 ut
537 779 651 809 extra
677 769 888 818 Athenas,
927 769 956 808 fi
986 767 1175 808 militiam
1204 771 1447 820 exceperis,
1487 782 1590 810 nun·

265 867 384 908 quam
410 856 692 908 peregrinatus
720 855 791 905 fit,
823 855 1030 896 nullamve
1057 855 1175 896 aliam
1204 855 1412 908 regionem
1434 865 1505 897 aut
1534 857 1591 897 ci·-

261 943 436 983 vitatem
465 942 672 993 invisere,
714 954 767 983 ne
802 942 908 983 sacra
940 942 1108 994 quidem
1140 942 1364 993 solemnia,
1406 943 1457 984 ad
1489 955 1590 998 quae

266 1037 355 1070 tota
376 1030 558 1081 undique
584 1030 759 1070 Graecia
781 1028 990 1069 confluere
1010 1029 1168 1068 solebat
1183 1059 1196 1078 ‚
1227 1030 1406 1081 spectare
1422 1031 1593 1083 cupive-

266 1116 346 1165 rit,
377 1116 449 1154 nisi
475 1115 586 1165 quod
608 1115 732 1153 semel
758 1116 864 1152 ludis
885 1113 1062 1153 adfuerit
1083 1114 1297 1154 Isthmicis.
1357 1117 1481 1156 Viros
1505 1118 1592 1157 aliis

264 1201 308 1243 in
340 1201 460 1242 terris
492 1201 700 1252 principes
729 1200 970 1251 divitiisque
995 1199 1065 1238 vel
1087 1199 1273 1249 potentia
1292 1201 1480 1251 nobiles,
1510 1214 1595 1244 non

268 1288 351 1331 sine
373 1289 510 1340 aliquo
531 1288 588 1328 rei
601 1287 783 1339 privatae
799 1285 985 1338 respecstu
998 1315 1009 1335 ‚
1023 1285 1147 1326 isthac
1157 1295 1289 1328 aetate
1301 1287 1410 1328 adire
1424 1288 1595 1330 consue·

267 1385 438 1425 verant,
463 1375 532 1427 qui
544 1374 682 1414 studiis
696 1374 913 1425 sapientiae
927 1373 1210 1414 autliterarum
1231 1375 1513 1416 excellebant:
1544 1376 1591 1417 Id

269 1459 461 1505 fecerunt
481 1473 564 1502 non
576 1462 683 1501 solus
699 1460 926 1513 Aristippus
941 1491 953 1511 ,
967 1460 1191 1513 voluptatis
1206 1459 1348 1502 affecla
1360 1492 1373 1512 ‚
1387 1462 1458 1503 sed
1473 1464 1592 1504 amici

270 1549 445 1590 Socratis
460 1548 723 1590 &familiares
740 1578 753 1597 ‚
779 1547 998 1600 Euripides
1019 1560 1064 1589 ac
1076 1548 1215 1589 Plato:
1240 1548 1331 1601 Ipse
1346 1559 1482 1590 autem
1495 1551 1595 1592 Sco·

268 1648 361 1689 pam
375 1635 736 1686 Eurylochumque
750 1665 762 1685 ,
775 1636 965 1675 homines
981 1635 1189 1675 ditiffimos
1202 1666 1214 1685 ‚
1235 1637 1304 1687 qui
1319 1637 1436 1677 lautis
1452 1638 1595 1679 condi·

270 1722 453 1762 tionibus
465 1733 556 1761 eum
570 1722 811 1772 invitabant,
824 1721 1054 1773 aspernatus
1067 1720 1143 1761 est:
1164 1721 1233 1772 Et,
1247 1722 1593 1774 quemadmodum

269 1809 334 1850 vir
346 1810 386 1848 in
397 1809 581 1860 pluribus
598 1808 753 1849 Socrati
767 1809 904 1849 slmilis
919 1839 931 1858 ‚
955 1808 1195 1849 Medicinae
1208 1809 1355 1851 Parens
1365 1810 1596 1864 Hippocra-

273 1905 335 1936 tes
347 1926 360 1946 ‚
372 1895 511 1948 postea
522 1894 572 1936 ad
583 1897 848 1936 Artaxerxem
861 1927 873 1948 ,
885 1895 1090 1937 Persarum
1101 1897 1260 1951 Regem
1274 1928 1288 1948 ‚
1309 1898 1458 1939 iturum
1472 1899 1512 1940 se
1523 1911 1595 1941 ne-

275 1984 410 2036 gavit,
430 1983 483 2022 fic
505 1984 601 2024 &ab
619 1982 848 2030 Archelao,
862 1983 1143 2025 Macedonum
1156 1985 1271 2038 Rege
1284 2015 1296 2035 ,
1322 1986 1516 2027 invitatus
1536 1988 1595 2027 ire

272 2070 406 2110 noluit
430 2069 479 2110 ad
500 2071 771 2111 voluntariam
795 2071 1035 2112 servitutem
1059 2073 1117 2123 is,
1146 2073 1286 2124 cujus,
1310 2083 1355 2112 ut
1374 2075 1521 2114 alicubi
1544 2075 1599 2115 ait
1624 2098 1629 2104 ·

275 2157 300 2198 S
313 2170 336 2198 E
350 2168 380 2197 N
393 2169 415 2197 E
428 2170 449 2198 c
463 2170 488 2198 Α
500 2187 513 2209 ,
545 2158 775 2200 libertatem
801 2159 946 2201 civitas
967 2160 1097 2200 libera
1113 2158 1233 2213 ferre
1260 2173 1338 2200 mm
1349 2163 1501 2214 potuit,

980 2245 1021 2286 D
1054 2258 1075 2285 2
1505 2245 1597 2288 Nc·
