2137 2921
503 220 557 256 ιο
824 203 1489 249 ORATIO

503 329 584 372 est:
614 326 794 369 Labores
826 325 995 365 militiae
1031 323 1226 377 pertulit,
1266 322 1364 363 adiit
1399 322 1607 375 pericula,
1654 331 1832 364 mortem

504 419 547 457 in
604 415 772 467 proeliis
827 412 1057 465 impavidus
1103 410 1336 452 contemfit.
1407 412 1438 432 ‘⁶
1472 408 1644 450 Peliden
1695 411 1832 450 imite-

505 534 536 555 „
568 514 684 552 mur,
716 500 801 553 ipse
837 500 888 540 de
919 499 959 539 se
993 498 1101 551 apud
1129 499 1437 539 PLATONEM
1471 498 1547 538 ait:
1581 495 1652 538 Ne
1676 497 1834 537 telluris

506 615 537 640 „
564 591 750 631 vivamus
782 587 946 640 pondus
978 587 1149 627 inutile:
1180 585 1252 626 Ne
1285 586 1375 636 quis
1395 596 1574 636 unquam
1597 585 1749 626 mortio
1764 596 1839 624 no-

507 708 539 729 ,‚
569 677 634 717 bis
677 674 945 715 formidinem
974 675 1223 725 exprobret,
1262 682 1331 712 aut
1361 673 1639 724 periculorum
1670 669 1837 723 fugam:

510 794 541 816 ,‚
574 764 667 818 Qua
694 771 862 803 nosmet
895 761 969 814 ipsi
1000 759 1321 800 ordinaverimus
1353 759 1457 799 aciei
1496 767 1636 811 parte,
1667 765 1737 798 aut
1759 767 1844 808 quo

513 882 544 904 „
575 852 624 893 ab
659 851 904 902 imperatore
950 848 1126 889 ordinati
1168 846 1303 887 sumus
1336 848 1462 896 loco,
1493 846 1550 885 ibi
1583 855 1842 894 maneamus,

510 966 542 991 2,
572 951 651 980 nec
695 947 871 978 mortem
909 935 1250 984 reformidemus,
1291 945 1428 986 neque
1471 933 1546 974 alia
1581 931 1841 981 discrimina,

509 1054 544 1077 „
576 1026 680 1066 nihil
713 1032 978 1076 reputantes,
1009 1022 1083 1062 nisi
1113 1032 1161 1061 ut
1193 1023 1374 1061 vitemus
1397 1020 1711 1072 turpitudinem,
1768 1018 1845 1058 At·

513 1143 546 1165 „
579 1123 659 1165 que
683 1111 785 1151 haec
808 1121 922 1156 mea,
954 1109 1007 1147 o!
1030 1106 1332 1155 Athenienses,
1362 1105 1524 1156 semper
1551 1104 1633 1145 fuit
1655 1106 1764 1146 vitae
1789 1115 1848 1144 ra-

517 1228 550 1251 „
581 1199 664 1239 tio:
697 1196 795 1250 Quo
832 1195 984 1244 duces,
1027 1206 1049 1234 a
1076 1193 1200 1234 vobis'
1232 1191 1355 1242 lecti,
1385 1203 1451 1232 me
1486 1190 1702 1233 confistere
1723 1188 1846 1241 juffe-

513 1315 551 1338 >a
580 1293 700 1335 runt,
731 1284 770 1324 &
801 1294 932 1335 prope
961 1280 1219 1330 Potidaeam,
1253 1280 1292 1320 &
1329 1279 1380 1320 ad
1408 1279 1703 1332 Amphipolin,
1735 1277 1773 1318 δι
1804 1278 1848 1318 in

517 1403 550 1426 „
584 1373 740 1423 DeIio,
782 1371 839 1411 ibi
881 1367 1045 1410 constiti
1074 1367 1182 1408 haud
1216 1367 1352 1406 minus
1386 1365 1696 1420 perseveranter
1730 1375 1850 1417 quam

516 1489 553 1513 „
580 1460 791 1513 quisquam
825 1458 951 1507 alius,
983 1457 1022 1496 &
1050 1455 1240 1495 ultimum
1273 1453 1492 1494 discrimen
1514 1452 1619 1493 adii:
1653 1450 1713 1493 Ita
1738 1451 1850 1491 enim

521 1578 555 1600 „
582 1547 838 1600 J’udicabam,
870 1545 908 1585 &
939 1554 1049 1583 nunc
1079 1543 1201 1583 etiam
1233 1541 1403 1594 judico,
1434 1552 1515 1594 quo
1536 1540 1654 1582 Deus
1678 1549 1754 1579 nos
1773 1549 1850 1580 vo·

523 1665 554 1685 ‚,
585 1643 673 1683 cat,
706 1633 802 1673 illuc
827 1630 909 1671 esse
931 1629 1183 1682 sequendum
1203 1629 1246 1669 ”.

577 1720 634 1761 Et
652 1731 796 1760 revera
818 1719 987 1771 longum
1010 1716 1068 1756 est
1092 1714 1245 1756 referre
1261 1745 1274 1766 ,
1303 1726 1404 1767 quae
1429 1714 1481 1755 de
1506 1711 1682 1754 Socratis
1705 1710 1851 1750 militid

523 1809 681 1849 summo
701 1806 913 1847 traduntur
933 1805 1187 1857 Scriptorum
1217 1801 1442 1843 consensu:
1473 1799 1617 1840 Unum
1641 1798 1851 1839 dicemus:

526 1897 676 1937 Civem
705 1905 790 1934 non
819 1893 933 1933 bello
966 1893 1099 1932 minus
1132 1902 1250 1944 quam
1282 1901 1383 1942 pace
1425 1888 1573 1928 utilem
1611 1885 1696 1926 sese
1734 1896 1852 1938 prae·

526 1981 667 2025 stitiffe
689 1981 899 2021 Socratem
910 2007 923 2028 ,
952 1980 1127 2019 militem
1151 1978 1430 2027 fortissimum,
1465 1975 1642 2016 amicum
1673 1973 1856 2025 denique

527 2072 653 2112 vitam
686 2081 761 2122 pro
794 2068 934 2108 amicis
966 2078 1123 2120 ponere
1157 2074 1366 2118 paratum:
1401 2062 1458 2104 Et
1489 2062 1538 2104 ad
1566 2062 1738 2103 Delium
1761 2061 1850 2112 qui-

530 2158 625 2199 dem
656 2157 711 2200 fic
742 2156 966 2211 pugnavit,
996 2164 1072 2206 ut,
1101 2154 1131 2195 fi
1160 2152 1261 2194 fides
1293 2152 1569 2202 PLATom,
1607 2147 1772 2191 testatus
1803 2147 1853 2187 s1t

1722 2235 1856 2277 Athe-
