2137 2921
507 213 580 246 DE
624 211 951 245 EPISTATIS
997 212 1071 243 AC
1112 209 1433 242 PROEDRIS.
1601 219 1642 250 93

292 319 343 344 tus
369 311 571 350 populusque
599 311 630 342 in
657 316 847 342 conventum
874 309 1015 346 coirent,
1047 317 1161 338 munus
1191 307 1276 337 snum
1301 304 1558 344 auspicabantur,
1590 305 1634 336 di-

297 363 382 395 miss'a
413 362 567 393 concione
600 361 784 400 ponebant,
824 360 862 390 ad
895 360 1107 392 conditionem
1140 360 1289 398 privatam
1320 357 1417 388 ilatim
1444 356 1634 388 redeuntes:

295 413 496 451 Omninoque
519 411 672 443 adsentior
693 412 888 443 Coastxvo
914 410 1058 443 scribenti
1075 409 1176 449 (Diss.
1194 409 1250 441 VI.
1276 410 1304 447 ἕ.
1328 407 1388 446 4.)
1433 407 1458 423 ‘⁶
1480 407 1588 446 ltaque
1606 407 1638 438 in

296 487 322 503 „
347 466 404 495 hac
432 463 617 504 hypothesi,
647 473 725 502 qnae
754 461 828 492 mihi
854 461 992 490 omnium
1018 459 1245 491 verosimillima
1271 459 1368 489 videri
1392 457 1488 496 linet,
1519 459 1638 498 duplex

292 538 318 555 ‚‚
341 514 548 547 Proedrorum
577 524 612 546 ac
637 514 852 555 Epzstatarum
878 520 976 550 genus
1004 511 1125 541 admitti
1153 508 1265 546 debe13
1298 515 1332 537 ut
1357 508 1501 539 nimirum
1527 510 1636 540 decem

294 589 320 605 „
343 566 473 597 Proedri
497 564 691 597 contribules
715 563 921 599 naberentur,
945 569 982 591 ex
1007 560 1121 598 quibus
1145 560 1307 598 Prytaniae
1329 560 1467 599 Epist-:tta
1496 559 1635 599 seligere-

294 640 320 656 „
343 624 411 654 tur3
436 616 487 646 alii
510 623 585 646 vero
611 623 723 645 novem
747 613 1035 645 non-Contribules
1059 611 1118 642 ess'e
1148 611 1334 648 debuerint,
1365 620 1402 641 ex
1427 610 1541 649 quibus
1560 611 1638 642 alius

296 690 323 706 „
346 666 484 706 Epistata
509 665 696 704 eligeretur:
738 664 861 696 Priores
890 664 934 695 illi
956 663 1085 694 Proedri
1109 662 1220 693 diebus
1247 662 1406 692 continuis
1434 661 1548 700 septem
1573 661 1636 692 hoc

294 741 320 757 „
343 726 468 748 munere
494 715 719 755 fungerentur,
743 715 941 754 ipsorumque
960 715 1090 754 quilibet
1113 714 1205 745 unica
1228 712 1325 743 solum
1352 714 1400 744 die
1423 712 1561 752 iipistata
1581 722 1638 744 vo·

295 791 320 808 „
346 776 487 806 caretur;
512 765 696 806 posteriores
716 765 765 795 alii
780 765 926 804 Proedri,
939 765 1137 805 ipsorumque
1147 763 1307 804 Epistata,
1325 774 1362 795 eo
1374 764 1471 795 solum
1487 765 1637 803 temporis

293 840 318 857 „
341 818 438 858 spatio
450 819 481 849 id
494 817 630 848 muneris
646 825 681 846 ac
698 814 827 848 honoris
840 817 1039 854 obtinerent,
1059 824 1122 854 quo
1131 815 1244 854 Populi
1263 815 1375 845 concio
1392 822 1602 854 perageretur.
1617 814 1637 828 '’

331 918 361 956 §.
387 916 426 948 Π.
471 915 561 948 Nihil
584 913 711 947 omniuo
739 913 781 944 cst
804 913 836 945 in
864 914 946 945 hisce
972 904 1234 953 Corfinidiffls,
1265 913 1351 953 quod
1371 921 1434 944 non
1456 912 1642 944 verissimum

291 968 457 1007 videatur3
482 968 531 999 sed
548 967 641 1006 longe
660 964 761 1004 abest,
790 973 824 997 ut
848 966 980 997 eundem
997 966 1147 996 addamus
1165 965 1317 996 calculum
1335 963 1500 994 sententiae
1514 986 1526 1002 ,
1549 974 1641 1003 quam

292 1021 341 1051 vir
362 1020 539 1060 praeclarus
562 1017 711 1058 proponit
737 1017 774 1047 de
798 1016 997 1056 quaestione,
1020 1025 1171 1055 quaenam
1197 1015 1310 1046 horum
1331 1014 1561 1054 Proedrorum,
1586 1017 1640 1055 qui

293 1080 329 1102 ex
355 1078 467 1101 novem
494 1070 510 1099 '1
525 1069 679 1107 ribubus,
710 1067 857 1106 Prytauitl
879 1078 942 1099 non
967 1066 1196 1107 fungentibus,
1226 1066 1432 1104 legebantur,
1456 1073 1548 1105 atque
1568 1068 1643 1107 Epi-

292 1121 386 1152 statae
406 1129 442 1151 ex
465 1119 525 1150 illis
549 1119 782 1152 Novem-viris
807 1118 911 1156 ducti,
942 1125 1008 1149 tum
1033 1116 1195 1154 universe,
1223 1123 1288 1146 tum
1309 1115 1485 1154 praesertim
1504 1117 1534 1148 in
1556 1117 1644 1150 Con-

294 1172 385 1202 cione
408 1170 520 1209 Populi
542 1172 662 1209 Attici,
685 1171 801 1201 fuerint
827 1175 954 1208 partes:
979 1168 1067 1207 Quae
1086 1167 1236 1198 sententia
1263 1166 1516 1204 quandoquidem
1540 1168 1577 1199 iis
1596 1169 1643 1200 in-

290 1222 402 1253 nititur
416 1223 627 1261 argumentis,
653 1230 731 1260 quae
750 1222 820 1260 plus
840 1220 930 1250 etiam
947 1219 1082 1258 probent
1101 1226 1191 1255 quam
1212 1215 1362 1247 Corfinns
1381 1217 1514 1255 probare
1533 1220 1641 1252 volue.

289 1274 349 1311 rit,
383 1273 455 1303 hinc
482 1272 620 1311 factum,
655 1280 689 1303 nt
712 1271 859 1310 Burgum,
890 1272 1017 1301 eandem
1043 1270 1122 1299 viam
1144 1267 1288 1305 secutus,
1319 1267 1409 1297 ducis
1433 1266 1477 1297 sui
1504 1278 1639 1303 errorem

291 1334 376 1356 novo
401 1332 503 1354 errore
530 1321 748 1354 cumulaverit.
793 1320 955 1353 Existimat
981 1320 1098 1352 scilicet
1118 1317 1291 1356 Corfinns,
1315 1312 1532 1358 vb'innlsnooem
1553 1321 1581 1350 oia
1607 1326 1644 1361 τῷ

292 1376 383 1414 δήμῳ,
406 1374 466 1406 slve
488 1375 639 1414 Populum
665 1373 698 1403 in
712 1370 871 1411 suffragia
890 1373 1033 1409 mittere,
1056 1368 1234 1409 pertinnisse
1256 1371 1292 1399 att
1315 1369 1507 1410 Epistatam,
1533 1374 1641 1412 quiex

292 1427 422 1458 novenis
443 1426 483 1457 Pr
498 1424 587 1455 neuris
614 1421 938 1454 non-Contribulibus
971 1421 1143 1461 legebatur.
1199 1422 1225 1437 “
1243 1420 1311 1461 Jam
1343 1422 1447 1452 nullus
1477 1423 1640 1457 dubitandi

291 1501 316 1517 „
339 1480 429 1510 locus
448 1473 598 1515 supererit
626 1472 752 1511 (inquit
777 1472 810 1503 d.
833 1472 911 1504 Diss'.
941 1472 998 1503 VI.
1033 1473 1063 1511 ξ.
1094 1471 1168 1510 14.)
1201 1473 1275 1510 quin
1302 1474 1454 1511 ἐπιςατᾶν,
1486 1473 1643 1512 Epistatae

292 1553 317 1569 „
340 1537 467 1559 munere
496 1525 606 1564 fungi,
632 1522 804 1562 ἐπιψηφίζειν
826 1525 853 1553 ὡ
880 1529 910 1564 τῇ
926 1526 1015 1564 fiio-3,
1030 1522 1190 1564 suffr-agia
1210 1524 1242 1552 in
1262 1523 1378 1555 Senatu
1390 1531 1582 1566 perrogare,
1603 1526 1643 1558 ad

291 1604 316 1619 ,‚
342 1580 508 1618 l'rytanum
533 1576 592 1608 sive
624 1574 853 1606 Contribulium
877 1575 1033 1615 (decem)
1056 1573 1264 1605 Proedrorum
1287 1574 1487 1614 Principem,
1511 1577 1572 1608 hoc
1599 1579 1643 1610 est

292 1654 318 1671 „
341 1632 378 1662 ad
405 1628 570 1668 Prytaniae
599 1625 788 1665 Epissatam,
812 1626 1012 1666 spectaverit3
1045 1626 1095 1657 sei
1122 1623 1292 1664 ἐπιψκφΧζ-ι,
1317 1625 1345 1654 ὠ
1367 1628 1402 1662 τῷ
1425 1624 1515 1664 δήμῳ,
1538 1628 1643 1667 Popu-

292 1705 317 1721 „
341 1684 401 1712 lum
426 1682 459 1711 in
475 1679 635 1719 suffragia
659 1679 803 1716 mittere,
828 1680 865 1708 ad
884 1678 979 1709 solum
1002 1676 1170 1716 Epistatant
1192 1676 1276 1706 illurn
1301 1675 1408 1707 referri
1432 1677 1562 1715 debeat,
1586 1677 1642 1716 qni

290 1756 316 1773 „
339 1741 376 1764 ex
398 1730 542 1762 Proetiris
571 1728 637 1759 aliis
662 1729 845 1767 (novenis)
877 1739 934 1760 non
965 1726 1198 1758 Can-tribulibus
1226 1726 1410 1765 eligebatur.
1456 1727 1530 1767 Quo
1547 1728 1639 1766 plane

291 1806 316 1824 „
340 1784 405 1813 sieri
429 1780 583 1820 potudl'e,
605 1781 725 1817 riteque
752 1779 822 1809 inde
847 1779 951 1809 inferri
974 1777 1058 1818 poss'e
1082 1778 1227 1815 videtur,
1256 1784 1291 1808 ut
1311 1786 1358 1808 res
1382 1779 1414 1807 in
1437 1778 1554 1810 Senatu
1570 1780 1640 1818 qui-

291 1857 317 1874 „
341 1834 409 1864 dem
430 1832 581 1872 gerendas
604 1839 799 1869 proponere,
825 1830 992 1860 Senatores
1018 1828 1100 1868 ipsos
1123 1827 1152 1858 in
1175 1827 1317 1866 suffragia
1337 1829 1477 1868 mittere,
1507 1830 1545 1860 ad
1563 1831 1642 1862 Con.

291 1909 318 1926 ‚,
339 1885 470 1918 trIbules
495 1882 649 1914 Proedros
674 1880 817 1920 speclasse
839 1880 1000 1917 debuerit3
1026 1889 1074 1910 res
1096 1887 1170 1909 vero
1196 1880 1228 1909 in
1247 1878 1365 1919 Populo
1387 1879 1447 1911 five
1474 1880 1641 1913 Concione

292 1960 318 1978 „
342 1937 493 1977 gerendas
512 1942 620 1965 curare
635 1955 646 1971 ,
671 1932 805 1963 Senatus
830 1933 997 1963 Decretum
1020 1931 1070 1961 seu
1094 1930 1345 1961 Praeconsnltum
1369 1930 1405 1960 ad
1423 1929 1577 1969 Populum
1595 1942 1642 1964 re-

290 2011 318 2029 „
339 1988 440 2024 ferre,
465 1986 620 2025 Populum
643 1983 740 2023 ipsum
758 1982 972 2021 interrogare,
995 1980 1193 2022 suffragiijus
1214 1980 1267 2020 ipfi
1286 1982 1477 2018 conce-iere,
1500 1980 1642 2022 suffragia

292 2061 319 2077 „
342 2036 521 2074 recensere,
544 2034 730 2075 posteriores
756 2033 806 2063 alii
832 2032 959 2064 Proetiri
987 2044 1059 2065 non·
1076 2033 1269 2064 Contribules
1292 2030 1551 2063 consueverint.”
1594 2035 1637 2065 At

287 2098 364 2122 vero
395 2087 480 2118 addit
511 2085 683 2118 Corfinus:
721 2086 748 2102 ‘⁶
771 2085 908 2123 lngenue
942 2092 1044 2115 tamen
1076 2084 1236 2115 fatendum
1266 2082 1333 2121 est,
1369 2083 1470 2121 aliqua
1491 2084 1638 2115 Veterum

289 2162 319 2180 „
342 2136 515 2171 testimonia
540 2135 571 2168 δε
594 2137 733 2177 exempla
758 2146 884 2176 quoque
908 2136 1036 2168 subinde
1062 2144 1247 2174 occurrere,
1279 2144 1356 2174 quae
1379 2134 1539 2166 discrimen
1561 2136 1639 2166 illud

996 2186 1032 2217 M
1058 2196 1076 2227 3
1547 2206 1574 2224 2,
1594 2183 1641 2216 fa-
