2137 2921
551 200 657 247 DE
715 198 1101 243 SOCRATE
1157 201 1356 245 clvE.
1592 213 1619 260 3

297 328 397 369 triae
415 355 427 375 ‚
468 325 576 364 inter
607 322 665 363 sui
698 323 818 362 etiarn
848 321 969 374 ipsius
996 322 1210 375 aliquando
1238 322 1415 364 miserias
1437 353 1450 374 ,
1480 323 1553 365 hac
1574 323 1615 365 se

297 415 445 455 solatus
476 410 760 452 recordatione
780 438 794 460 ,
833 410 935 449 nihil
964 409 1044 460 jam
1080 411 1249 450 evenire
1279 410 1390 463 quod
1412 423 1494 451 non
1518 412 1617 452 olim

297 499 502 541 evenerit.
558 495 721 549 Fingite
748 504 870 546 porro
902 495 1011 534 hunc
1041 494 1219 534 eundem
1252 495 1460 536 hominem
1481 497 1617 538 salutis

298 587 484 640 publicae
513 580 863 630 studiosissimum,
897 580 967 620 sed
990 593 1036 620 ea
1057 581 1195 621 indole
1217 591 1377 631 natum,
1408 592 1455 622 ut
1480 583 1618 624 huma·

296 673 466 713 nitatem
491 670 662 709 caeteris
694 668 857 708 dotibus
890 667 1091 720 praeferat
1113 697 1124 717 ,
1155 669 1364 709 neminem
1387 669 1532 709 lubens
1553 669 1618 710 of-

298 757 439 800 fendat
452 787 463 806 ‚
479 757 614 796 omnia
626 756 755 794 officia
766 753 998 806 praestanda
1013 752 1092 794 esse
1106 754 1187 793 fine
1201 753 1376 795 factione
1389 755 1616 804 existimet3

298 845 359 894 &‚
384 843 566 896 quamvis
585 843 710 881 malos
735 842 849 881 cives
869 839 997 881 odisse
1020 841 1234 891 didicerit,
1256 853 1460 895 nunquam
1484 851 1620 883 tamen

295 929 571 971 recedendum
590 937 711 981 putet
738 941 759 968 a
778 926 978 980 perpetua
995 928 1063 968 illa
1085 929 1252 969 naturali
1274 930 1484 979 bonitate,
1517 940 1617 981 quae

295 1018 417 1059 nullis
449 1016 601 1056 cafibus
633 1027 768 1067 neque
799 1014 997 1065 flectitur,
1030 1026 1164 1066 neque
1186 1017 1402 1056 minuitur:
1435 1013 1617 1056 Necesse

299 1105 449 1144 iterum
473 1103 550 1142 erit
565 1132 577 1150 ,
604 1111 650 1140 ut
664 1103 704 1140 in
726 1101 793 1140 illa
814 1101 1019 1140 intueatur
1039 1102 1227 1152 exempla
1250 1111 1414 1151 vetera,
1433 1113 1534 1154 quae
1557 1102 1619 1154 ip-

298 1189 406 1237 sum,
437 1183 669 1238 perturbata
690 1185 889 1232 civitate,
927 1184 1128 1222 incertum
1165 1193 1305 1236 regant
1326 1215 1339 1234 ‚
1381 1186 1619 1228 haerentem

298 1273 553 1326 expediant,
594 1282 702 1323 pene
741 1271 1024 1323 desperantem
1060 1272 1246 1311 recreent
1287 1271 1326 1311 &
1361 1270 1618 1314 confirment.

298 1362 480 1416 Quaeret
514 1358 674 1400 adfidue
709 1370 792 1398 non
823 1358 1120 1398 Theramenem
1150 1359 1352 1410 aliquem,
1382 1359 1478 1412 qui,
1509 1371 1618 1401 nunc

298 1447 532 1501 potentium
561 1443 696 1485 fautor
728 1444 766 1484 &
799 1442 940 1484 affecla
963 1470 977 1492 ,
1004 1456 1111 1483 nunc
1137 1444 1390 1484 multitudini
1411 1443 1618 1495 jucundus

298 1535 487 1585 interque
516 1532 703 1572 homines
726 1531 943 1583 populares
962 1532 1203 1583 praecipuus
1218 1561 1231 1581 ,
1262 1531 1507 1582 Tyrannidis
1530 1542 1618 1572 mo·⁴

300 1622 353 1662 do
378 1620 511 1661 socius
536 1619 594 1660 est
614 1650 626 1669 ,
657 1618 781 1658 modo
813 1618 848 1658 T
852 1630 1093 1670 yrannorum
1122 1617 1369 1659 adversarius
1401 1619 1439 1659 &
1469 1618 1618 1669 hostis,

302 1708 454 1760 quique
485 1717 559 1757 per
592 1714 719 1745 totam
750 1706 876 1745 vitam
913 1714 1028 1755 aptus
1062 1705 1224 1755 utrique
1264 1703 1362 1756 pedi
1396 1704 1620 1746 cothurnus

303 1793 465 1834 dubiam
495 1792 657 1831 virtutis
690 1803 738 1830 an
768 1790 976 1842 pravitatis
1008 1789 1154 1831 famam
1176 1789 1403 1831 Posteritati
1423 1802 1619 1844 propaga-

302 1880 399 1921 vit:
446 1879 504 1918 At
539 1877 663 1916 talem
693 1877 902 1928 perquiret
937 1889 990 1916 ex
1020 1878 1274 1928 Antiquitate
1305 1878 1438 1917 virum
1458 1908 1471 1928 ,
1512 1878 1581 1930 qui
1602 1907 1617 1929 ,

304 1976 437 2015 neque
457 1963 745 2015 temporariu3‚
777 1975 910 2014 neque
934 1961 1120 2004 fortunae
1143 1963 1318 2012 amicus,
1351 1963 1421 2003 sed
1439 1962 1497 2003 sui
1519 1963 1621 2005 sem-

305 2063 379 2103 per
399 2050 568 2101 judicii,
598 2049 750 2090 recium
776 2049 1106 2101 secundumque,
1139 2058 1332 2101 quantum
1360 2049 1447 2090 fieri
1475 2051 1615 2103 possit,

308 2136 537 2179 furentibus
569 2137 757 2177 civilibus
792 2137 986 2189 procellis
1008 2167 1020 2186 ‚
1063 2138 1105 2177 in
1144 2137 1241 2178 mari
1281 2136 1496 2190 scopuloso
1532 2149 1621 2178 cur-

1007 2224 1045 2264 A
1075 2236 1097 2263 2
1538 2221 1629 2270 sum,
