2137 2921
322 833 564 864 AUDITORES
587 831 722 863 OMNIS
744 832 867 871 LOCI,
881 831 1055 861 ORDINIS
1067 849 1080 870 2
1104 829 1305 868 AETATIS,
1331 829 1634 859 HUMANISSIMI.

318 1026 746 1162 Quemadmodum
779 1079 961 1120 constans
999 1080 1208 1120 universae
1242 1078 1426 1120 Naturae
1461 1079 1531 1118 lex
1552 1076 1633 1125 est,

320 1175 365 1204 ut
387 1167 431 1204 in
451 1165 599 1204 eodem
624 1174 774 1215 genere
808 1164 1002 1202 maximae
1030 1164 1106 1202 smt
1128 1164 1366 1214 fingularum
1397 1175 1530 1201 rerum
1550 1175 1639 1202 cor-

319 1260 544 1303 porumque
577 1246 934 1297 diffimilitudines‚
965 1258 1098 1298 neque
1131 1246 1314 1298 ejusdem
1348 1247 1498 1286 arboris
1533 1257 1638 1286 unus

321 1348 451 1377 ramus
476 1336 591 1376 alteri
613 1366 626 1386 ‚
666 1346 717 1375 ne
740 1332 884 1374 folium
912 1334 1077 1386 quidem
1107 1333 1210 1374 folio
1234 1332 1358 1373 fimile
1383 1335 1606 1386 reperiatur
1623 1362 1638 1384 ‚

321 1426 377 1465 ita
406 1424 449 1462 in
476 1423 616 1463 animis
653 1419 824 1462 existere
860 1420 1032 1472 majores
1066 1421 1187 1461 etiam
1215 1421 1432 1461 varietates
1457 1450 1471 1471 ,
1508 1420 1588 1472 jam
1616 1433 1639 1461 a

318 1509 542 1550 Veteribus
564 1507 822 1549 observatum
842 1506 920 1547 est:
952 1508 1090 1559 Atque
1113 1516 1183 1556 ut,
1214 1518 1297 1547 non
1321 1507 1403 1547 fine
1425 1506 1637 1559 sapientis.

316 1596 414 1636 fimo
435 1596 629 1645 consilio,
646 1595 687 1635 in
707 1591 900 1634 immensa
920 1593 1131 1633 hominum
1152 1593 1413 1634 multitudine
1437 1592 1528 1633 suus
1551 1594 1636 1633 cui·

318 1692 396 1733 que
419 1681 556 1720 vultus
579 1681 701 1719 certis
721 1680 856 1728 notis,
887 1687 1074 1729 tanquam
1106 1679 1238 1730 imago
1260 1679 1407 1727 animi,
1439 1678 1635 1718 dIscerni-

317 1776 407 1816 tur,
439 1766 491 1806 fic
528 1766 566 1804 &
598 1765 852 1816 ingeniorum
874 1793 887 1812 ‚
919 1764 1101 1814 quamvis
1137 1763 1278 1803 eadem
1306 1762 1432 1804 studia
1463 1763 1635 1817 sequen-

318 1852 444 1902 tium,
477 1860 556 1892 tam
580 1848 735 1890 diversa
755 1848 812 1889 est
833 1847 984 1898 facies,
1017 1858 1063 1888 ut
1086 1861 1183 1889 vere
1206 1848 1356 1889 dietum
1376 1849 1446 1889 fit:

484 2022 568 2063 Sua
599 2021 739 2075 cuique
767 2022 874 2074 qnod
891 2022 944 2076 stt
973 2022 1102 2063 [mimi
1131 2021 1319 2075 cogitatio
1337 2050 1351 2072 ,

481 2108 673 2161 Colorque
693 2109 901 2163 proprius.

1040 2196 1079 2235 A
1560 2193 1634 2247 Id,
