2137 2921
518 201 590 236 Ac
628 200 916 240 PROEDRIS
957 200 1431 235 ATHENIENSIUM.
1611 211 1652 242 99

335 300 370 340 §-
393 297 437 330 V·
480 297 540 329 His
562 298 601 330 de
625 297 744 338 duplici
770 296 928 337 Epistata‚
951 307 989 330 ac
1011 297 1129 338 duplici
1153 297 1361 330 Proedrorum
1385 307 1535 336 numero,
1566 298 1648 330 dtino

299 358 511 389 novemque,
536 350 694 389 cognitis,
718 357 870 389 quantum
899 349 1024 390 quidem
1046 348 1176 380 instituti
1197 349 1287 380 nostri
1313 350 1376 389 jam
1402 348 1460 379 fert
1485 350 1583 387 ratio,
1609 350 1654 381 vi·

295 400 448 439 deamus,
471 410 511 432 an
538 401 695 441 Epistatae
721 402 1014 439 Proedrorumque,
1036 400 1092 439 qui
1116 410 1133 431 e
1154 400 1343 440 Prytanibus
1365 405 1470 435 erant,
1495 408 1599 440 partes
1621 401 1653 432 in

298 452 453 483 concione
473 453 584 493 Populi
602 452 627 483 E
640 461 843 485 nuAaDus
867 452 955 483 Con
969 460 1093 482 smus
1110 451 1190 481 recte
1206 450 1347 481 retulerit
1366 450 1403 479 ad
1427 451 1556 480 aut-rum
1577 451 1654 490 Epi-

294 500 400 533 statam
414 503 633 543 Proedrosque
649 504 773 535 Novem
786 502 914 540 -viros;
939 511 976 533 an
994 502 1074 534 recte
1089 501 1141 531 illa
1156 500 1246 531 etiam
1257 522 1267 538 ,
1292 510 1371 539 quae
1388 500 1418 530 iu
1434 501 1651 535 rogationibus

294 554 564 593 relationibusque
588 554 626 585 ad
652 554 799 589 Senatum
820 552 1073 593 Quingentorum
1093 550 1275 593 praestanda
1293 558 1400 588 erant,
1425 549 1525 581 officia
1540 550 1650 582 iisdem

297 602 531 636 Novem-viris
549 603 694 636 tribuerit
708 602 766 636 CL
778 614 834 636 EM
846 614 924 636 ENs
943 604 967 637 Β
981 613 991 636 t
1003 614 1024 635 A
1036 602 1160 636 otus?
1181 602 1288 641 Atque
1304 602 1379 631 hacc
1395 601 1520 641 quitictn
1537 601 1653 640 postre-

291 662 342 686 ma
357 653 509 688 sententia
529 657 563 685 n}
587 654 731 693 ηαραδόξε
745 663 806 687 tam
823 655 926 688 vicina
943 654 1004 694 est,
1027 662 1089 686 tam
1106 654 1264 686 universae
1280 653 1392 685 rationi
1413 653 1506 692 Reip.
1527 653 1652 685 Atticae

296 707 476 744 contraria,
505 712 567 737 tam
591 706 716 739 adversa
741 706 924 739 testimoniis
947 706 1082 747 ipsorum
1108 706 1199 738 etiam
1224 704 1533 742 Grammaticorum,
1565 710 1598 733 ut
1620 704 1651 734 in

290 755 344 790 illa
368 756 564 788 confutanda
581 766 644 789 non
661 758 795 789 multum
816 768 927 798 operae
950 757 1131 797 ponendum
1156 756 1312 788 videatur.
1357 755 1490 794 Πρύτανις.
1518 753 1554 784 ‘r'o
1577 752 1655 781 ‹linx-

289 819 330 837 ων
355 809 446 846 peip&-
469 810 510 838 τῖς
532 811 614 842 βελῗῐς
634 809 656 837 &²
682 807 874 838 πεντακοσίων·
902 811 1048 841 mentitam*
1075 807 1161 846 ἅνδςες
1188 805 1238 835 >3⁷0³
1257 809 1317 840 μιῖις
1341 808 1442 842 φυλῆς,
1471 806 1495 833 οἱ
1515 803 1651 833 >aornim-rc

289 857 402 888 dmm
423 859 459 886 τὸ
483 857 536 887 aar)
552 861 595 892 τῖς
618 861 699 893 §unffi
718 858 906 898 πςοιττὸμευε,
929 857 1069 897 Heu-niveas
1090 858 1217 889 aazia..
1238 857 1407 898 ὶπςυτένινυ
1425 854 1453 885 δὲ
1473 856 1508 884 &n
1526 854 1651 891 δικὲοχίς

289 909 402 941 ἇῶιίλυν
424 910 454 939 au'
473 908 541 939 δίκα
560 908 648 947 ᾡυλικςΧ
667 910 862 947 κληρολκχῧσοη
887 909 959 938 nara}
981 911 1101 942 εἠσιυτῧν.
1145 909 1165 941 S
1178 918 1309 940 UIDAE
1336 907 1406 941 sunt
1422 908 1515 940 verba
1533 917 1564 938 v.
1583 907 1651 946 πξᾶ-

287 972 380 997 um,
404 967 442 990 ex
458 960 576 999 quibus
593 960 734 992 ETYM.
760 960 809 992 Μ.
834 959 865 990 in
887 960 994 993 eadem
1011 971 1045 992 v.
1070 960 1162 993 facile
1178 961 1369 1001 corrigatur.
1393 975 1435 982 —
1458 958 1557 999 Igitur
1572 957 1649 1000 Pry-

287 1017 397 1044 tanum
422 1009 505 1050 fuit,
527 1011 801 1051 Proedrorumque
827 1010 858 1042 δε
878 1010 1033 1050 Epistatae
1056 1022 1072 1043 e
1089 1012 1303 1052 Prytanibus‚
1326 1011 1528 1056 Qyingentos
1544 1009 1652 1040 mode-

287 1063 371 1102 rari,
395 1063 433 1094 iis
457 1062 611 1095 Consulta
636 1071 835 1102 proponere,
859 1061 890 1093 ὅ(
912 1062 949 1093 de
974 1063 1114 1095 universa
1141 1063 1223 1103 Rep.
1248 1063 1286 1094 ad
1309 1072 1364 1094 eos
1387 1061 1521 1098 referre,
1546 1059 1647 1092 Binan-7·

287 1111 396 1148 σ’ίπκῦι
412 1116 448 1143 τὰ
463 1113 516 1144 ὀπὶ
531 1115 573 1147 τῆς
588 1115 672 1146 aunis
687 1113 858 1154 πςατῖέμινα.
875 1129 918 1136 -
940 1113 1000 1144 Sed
1019 1114 1091 1152 quis
1107 1123 1245 1153 unquam
1260 1118 1383 1153 praeter
1398 1111 1541 1152 Biagiutn
1560 1111 1597 1142 de
1616 1121 1649 1143 re

287 1165 451 1199 certissima
467 1164 699 1197 dubitavit2-
717 1164 825 1206 Quare
842 1172 944 1195 autem
961 1165 1138 1196 dubitavit?
1162 1170 1291 1204 propter
1307 1163 1388 1193 idem
1404 1170 1621 1201 argumentum
1632 1183 1644 1200 ,

288 1225 354 1257 quo
371 1216 524 1248 Corfinus
543 1216 711 1256 praecipue
734 1215 807 1246 usus
826 1214 870 1245 est
884 1216 922 1244 ad
941 1217 1178 1247 convellendam
1194 1213 1352 1254 Epistatae
1372 1211 1403 1243 &
1418 1211 1647 1252 Proedrorum,

285 1277 304 1300 e
324 1267 513 1308 Prytanibus
533 1267 698 1299 ductorum
715 1290 727 1305 ,
751 1267 782 1298 in
802 1266 955 1297 concione
975 1265 1088 1305 Populi
1108 1264 1299 1298 moderanda
1315 1262 1545 1296 auctoritatem.
1588 1263 1648 1294 Ni-

286 1319 399 1352 mirum
425 1327 464 1350 ex
487 1318 595 1349 addito
618 1317 710 1349 Demi
734 1317 860 1349 nomine
882 1316 1033 1348 Corsinus
1058 1316 1246 1355 Biagiusque
1268 1316 1310 1347 ita
1330 1314 1401 1345 suut
1420 1314 1648 1353 argumentati,

291 1369 376 1410 quasi
403 1368 522 1401 necess'e
546 1367 641 1406 tss'et,
665 1374 700 1398 ut
717 1368 766 1398 vel
788 1367 963 1407 Epistates,
988 1369 1035 1398 vel
1056 1367 1231 1404 Proedrus,
1254 1365 1303 1396 vel
1318 1364 1427 1396 Scriba
1446 1373 1482 1394 ex
1499 1365 1550 1395 illa
1575 1364 1649 1396 esset

290 1420 415 1458 Tribu,
438 1420 477 1450 ad
496 1428 591 1458 quam
617 1420 738 1450 Demus
759 1418 948 1458 pertineret,
972 1419 1056 1449 unde
1079 1417 1252 1448 diceretur:
1283 1415 1325 1446 Et
1346 1413 1506 1446 fatenjun
1528 1415 1590 1453 est,
1614 1416 1648 1447 id

285 1470 408 1511 saepius
431 1468 600 1507 accidisse,
633 1469 704 1509 quia
732 1469 761 1500 δι
785 1469 873 1508 saepe
900 1468 1083 1506 accidebat,
1113 1474 1146 1497 ut
1173 1465 1262 1496 Civis
1287 1465 1385 1504 (cum
1408 1463 1647 1504 Jurisconsultis

285 1521 375 1561 loqui
398 1520 445 1553 fas
469 1520 530 1559 fit)
553 1520 667 1552 Forum
688 1521 822 1563 originis
841 1520 922 1551 idem
946 1521 1073 1552 haberet
1090 1528 1125 1550 ac
1145 1518 1258 1549 Forum
1287 1515 1460 1553 domicilii,
1484 1514 1545 1546 five
1565 1524 1598 1547 ut
1614 1516 1647 1548 in

284 1573 396 1603 eodem
420 1573 522 1604 Demo
542 1580 788 1604 commoraretur
811 1578 965 1612 perpetuo
979 1594 989 1608 ‚
1013 1571 1043 1601 in
1063 1570 1155 1608 cujus
1173 1570 1290 1600 Album
1308 1576 1324 1598 a
1342 1568 1429 1597 Patre
1452 1566 1552 1598 fuerat
1570 1569 1647 1599 rela-

290 1628 364 1654 tus:
388 1621 535 1654 Socrates
558 1632 586 1654 e.
614 1632 661 1662 gr.
688 1632 758 1655 cum
777 1624 808 1654 in
826 1623 912 1655 Albo
933 1621 1023 1652 Demi
1043 1621 1253 1659 Alopecarum
1278 1618 1351 1650 ess'et
1379 1616 1565 1657 inscriptus,
1591 1619 1646 1657 qui

282 1671 404 1704 Demus
436 1672 473 1703 ad
497 1671 632 1705 Tribum
661 1674 854 1706 Antiochida
884 1674 1082 1714 pertinebat,
1116 1680 1131 1700 a
1156 1669 1285 1701 Platone
1307 1668 1473 1707 discimus,
1509 1669 1644 1702 Tribum

283 1723 478 1755 Antiochida
507 1726 614 1757 revera
634 1725 724 1757 fuiss'e
753 1723 970 1765 xpm-educar,
1001 1731 1096 1762 quum
1121 1722 1290 1757 Socrates,
1320 1719 1351 1750 in
1375 1719 1523 1751 Senatum
1543 1720 1646 1761 Quin-

284 1782 449 1815 gentorum
480 1776 629 1815 aIledtus,
656 1776 810 1816 l⁴1pistatae
834 1786 962 1808 munere
982 1774 1011 1804 in
1030 1772 1197 1803 Concione
1219 1771 1331 1810 Populi
1354 1771 1557 1810 fungeretur:
1583 1771 1647 1804 Sed

285 1826 347 1859 hoc
373 1832 559 1865 perpetuum
580 1826 692 1865 fuiffe,
715 1837 752 1859 an
775 1828 916 1860 constat?
941 1836 978 1857 an
1005 1824 1178 1863 probarunt
1202 1822 1352 1854 corfinus
1373 1831 1406 1853 ac
1426 1822 1576 1862 Biagius?
1602 1822 1646 1854 Et

287 1876 484 1919 probandum
511 1875 633 1917 fuerat,
657 1885 692 1909 ut
716 1879 810 1909 unico
828 1878 890 1909 hoc
918 1882 1103 1917 argumento
1129 1874 1287 1905 universae
1311 1874 1521 1913 Antiquitatis
1544 1872 1645 1912 fides,

285 1937 350 1961 non
378 1926 637 1967 labefactaretur,
660 1938 768 1960 verum
793 1930 884 1968 plane
904 1927 1086 1961 concideret
1105 1926 1135 1957 δε
1152 1925 1278 1965 periret.
1324 1925 1478 1964 liquidem
1498 1925 1575 1956 ni'nil
1593 1925 1647 1956 ad·

285 1977 395 2012 firmo:
419 1978 503 2018 Sed,
527 1980 690 2018 quomodo
717 1979 885 2012 solvendus
908 1980 958 2010 ille
982 1977 1018 2008 fit
1046 1978 1149 2009 nodus
1175 1977 1212 2008 de
1235 1975 1356 2014 adjecto
1378 1978 1504 2009 nomine
1532 1976 1645 2015 Demi,

283 2039 322 2062 ex
348 2038 413 2069 quo
439 2029 640 2068 Magistratus
666 2032 784 2071 fuerit,
817 2032 951 2064 Senatus
982 2030 1198 2063 Concionisve
1221 2027 1368 2067 praeses,
1397 2030 1514 2069 quique
1540 2035 1643 2058 tamen

284 2081 405 2115 Demus
432 2080 472 2112 ad
497 2080 631 2114 Tribum
658 2088 724 2114 tum
741 2085 893 2123 temporis
911 2082 1087 2123 primariam
1103 2081 1280 2121 (quantum
1298 2080 1470 2119 novimus)
1492 2087 1556 2111 non
1575 2086 1645 2117 per-

288 2132 440 2173 tinuerit,
463 2148 506 2158 ·-
526 2133 691 2173 quomodo
711 2135 809 2176 igitur
829 2135 996 2168 solvendus
1017 2132 1054 2164 fit
1079 2133 1131 2165 ille
1153 2132 1281 2173 nodus,
1312 2131 1390 2164 mihi
1409 2139 1473 2162 non
1499 2129 1643 2169 liquere,

1009 2183 1043 2216 N
1064 2194 1085 2216 2
1595 2179 1644 2212 in·
