2137 2921
601 215 687 250 ET
735 210 1332 248 ADNOTATIONES.
1587 218 1645 250 133

293 316 372 348 tutis
384 320 581 351 contemtor,
597 311 626 342 in
640 312 713 343 iram
726 319 845 351 pronus
856 332 865 347 ,
878 308 1034 341 vindictae
1052 308 1186 349 cupidus
1197 331 1208 346 ‚
1219 308 1356 339 animum
1374 307 1510 347 denique
1525 305 1646 337 habens

292 369 411 405 coriis,
435 368 465 396 in
486 364 602 404 quibus
622 362 801 400 subigendis
822 360 982 401 opificium
1006 360 1061 400 ips1
1081 367 1166 398 erat,
1189 359 1312 391 foetore
1336 358 1366 389 &
1385 357 1517 398 ignobili
1534 357 1647 387 duritie

292 419 419 451 similem
432 417 445 447 ?
456 419 515 447 1154
526 411 553 444 ἃ,
567 413 595 444 ἐν
606 437 615 452 ,
630 412 652 442 εἷ’-
663 416 790 449 Ξενοφόν,
808 414 849 443 τῆι
865 412 980 450 μιαρἷαι
998 414 1032 442 a?
1045 411 1197 452 βυςα-οὸεψκ
1212 411 1306 440 'Aul-18
1324 410 1474 449 γρθέφωμι,
1498 415 1521 450 23*
1539 410 1567 438 τὶ
1578 407 1647 447 939(-

291 483 335 502 005
351 470 439 504 αῠτὲς
463 467 584 497 Αιιᾶοι·
599 467 642 498 ait
660 467 721 506 Ep.
735 475 765 504 7.
783 465 864 496 iuter
881 466 906 495 h:
918 474 935 495 p
947 474 955 494 1
967 475 981 495 s
994 474 1029 495 τ.
1045 465 1065 495 S
1076 473 1094 494 o
1106 473 1124 494 c
1136 473 1170 494 R.
1186 472 1258 503 pag.
1274 473 1324 501 30·
1339 464 1380 494 Et
1392 470 1475 494 certe
1491 468 1558 492 tota
1569 462 1646 492 haec

289 520 430 560 Epistola
441 542 453 558 ,
464 528 545 558 quae
557 519 751 558 Scriptorem
764 517 869 556 prodit
878 516 908 546 in
921 514 1058 546 Historia
1070 515 1153 545 illius
1173 515 1323 553 temporis
1338 511 1566 544 versatissimum
1577 534 1588 549 ,
1608 511 1646 541 de

290 573 399 612 Anyto
415 571 475 610 legi
490 579 637 602 meretur.
662 588 701 593 -
725 568 895 608 Tyrannos
912 577 982 598 cum
1000 565 1200 605 Thrasybulo
1210 563 1376 596 debellavit
1393 561 1591 603 ὀβυςωδέψης,
1617 561 1647 592 δε

290 622 541 655 celebratissimae
556 620 686 657 διμνηςίως
703 621 763 653 fuit
780 620 899 651 audior.
938 618 1024 658 Quid
1039 616 1130 648 tum?
1151 616 1231 657 Quis
1246 616 1383 648 nostrum
1403 615 1541 655 ignorat,
1565 613 1647 644 inter

294 673 518 714 Tyrannorum
532 673 637 705 osores
649 697 658 711 ,
671 675 765 714 proh!
778 673 866 712 saepe
878 669 988 701 nimis!
1006 668 1151 708 reperiri,
1169 669 1222 707 qui
1235 667 1396 708 Tyr-annis
1410 666 1466 705 ipsi
1479 664 1576 696 nihilo
1588 663 1647 695 sint

289 725 457 757 meliores?
478 742 499 749 —-
523 726 670 765 reperiri,
683 725 712 756 in
727 732 858 764 quorum
875 722 999 761 pectore
1014 721 1067 751 iste
1083 723 1244 759 popularis
1260 718 1430 752 Libertatis
1441 740 1452 756 ,
1467 726 1559 756 quem
1572 725 1648 756 prae

290 775 320 807 se
337 775 462 813 ferunt,
486 784 574 806 amor
592 776 668 806 nihil
681 775 716 806 sit
731 774 786 806 nisi
805 783 887 804 mera
903 774 978 804 bilis
999 771 1127 804 &insita
1146 779 1271 802 naturae
1289 769 1466 802 acerbitas?
1481 785 1525 792 —
1546 770 1589 800 Et
1609 768 1647 798 de

288 828 405 864 ἂμνηςίᾳ
421 826 546 864 quidem
561 826 615 856 ista
625 849 635 863 ‚
649 826 742 865 cujus
759 824 967 856 observandae
984 823 1128 854 austores
1145 822 1378 861 Thrasybulum
1392 820 1421 850 &
1432 820 1572 858 Anytum
1585 819 1648 850 Iso-

294 884 397 908 crates
413 876 520 907 laudat
531 899 541 915 ,
565 877 662 907 multa
677 876 738 906 dici
757 874 878 915 possent
896 875 934 905 ab
948 874 1008 905 hoc
1025 874 1098 904 loco
1110 872 1275 904 alieniora:
1295 871 1506 912 Quantumvis
1520 871 1599 901 enim
1612 871 1649 902 ir-

290 930 393 960 lorum
421 928 616 965 aliorumque
640 926 764 957 exulum
793 926 1037 957 moderationem
1060 923 1128 963 post
1147 923 1279 954 reditum
1291 930 1417 962 satque
1438 923 1649 961 aequitatem,

287 978 470 1021 praedicent
485 986 551 1009 tum
569 977 639 1014 alii,
656 985 721 1008 tum
735 978 877 1010 Pam-o
897 977 1003 1008 Tomo
1018 976 1073 1007 ΙΙῘ.
1087 984 1160 1016 pag.
1178 982 1248 1014 3:¹5.
1267 985 1295 1006 Β.
1312 974 1416 1014 (πολλῇ
1431 986 1463 1009 γε
1479 974 1615 1014 exedram
1628 975 1652 1003 οὶ

291 1032 351 1063 τότε
365 1030 518 1062 „avaram
536 1027 685 1068 s'mme'op)
702 1028 796 1060 fallax
811 1037 911 1060 tamen
924 1028 1004 1066 fuit;
1023 1027 1052 1058 ἅ
1069 1024 1261 1066 quambrevi
1280 1025 1332 1055 illa
1347 1025 1505 1056 duraverit
1521 1024 1649 1064 injuria-

291 1091 359 1114 rum
388 1080 528 1118 oblivio,
552 1079 601 1110 vel
619 1078 698 1110 solae
717 1079 927 1111 demonstrant
942 1079 1053 1120 Lysiae
1074 1078 1242 1110 Orationes
1261 1083 1371 1108 contra
1389 1076 1650 1115 Eratosthenem,

297 1139 408 1165 contra
422 1131 596 1170 Agoratum
608 1154 618 1169 ,
642 1140 700 1171 pro
718 1131 920 1169 Mantitheo,
938 1141 995 1171 pro
1007 1128 1201 1170 Polystrato‚
1219 1127 1370 1167 aliaeque·
1387 1145 1428 1152 ——-
1449 1128 1532 1160 Cum
1547 1128 1649 1159 Thra·

291 1183 402 1224 sybulo
418 1183 456 1214 ab
471 1182 565 1213 exilio
583 1183 619 1213 ad
634 1181 872 1222 Expeditionem
884 1205 895 1219 ,
918 1182 1032 1221 Phyles
1050 1180 1252 1220 occupandae
1268 1179 1370 1210 caussa
1387 1179 1579 1220 susceptam,
1602 1187 1649 1210 re-

290 1235 416 1265 dierunt
428 1232 611 1264 Andocides
624 1233 654 1264 &
669 1233 868 1264 Callixenus:
887 1232 932 1264 Et
943 1234 1013 1272 quis
1031 1233 1089 1264 hos
1099 1232 1247 1263 Oratores
1260 1231 1344 1261 cives
1359 1231 1443 1262 dicat
1461 1231 1563 1263 bonos
1574 1253 1584 1269 ,
1600 1231 1649 1262 vi-

289 1293 342 1316 ros
354 1285 492 1324 probos,
508 1283 676 1322 honestos,
693 1283 967 1324 famaeintegros?
984 1299 1021 1306 —
1039 1282 1103 1323 Qui
1117 1282 1279 1315 Callixeno
1288 1282 1359 1314 finis
1369 1282 1483 1321 fueri-t,
1495 1281 1649 1314 scelerato

290 1336 515 1367 calumniatore
531 1333 664 1373 dignus,
677 1334 805 1365 testatur
820 1336 1012 1375 Xenophon.
1027 1353 1067 1362 --
1085 1335 1128 1367 Et
1141 1335 1216 1374 quid
1233 1334 1356 1365 demum
1373 1333 1411 1364 de
1422 1331 1487 1371 ipso
1502 1332 1648 1372 judican-

290 1387 363 1417 dum
384 1383 585 1424 Thrasybulo
597 1409 607 1424 ‚
632 1387 707 1425 qui,
728 1386 866 1417 siminus
883 1387 945 1427 ipse
962 1388 1048 1419 necis
1060 1387 1189 1425 ametor„
1202 1385 1343 1416 insontes
1356 1382 1460 1414 necari
1473 1381 1523 1413 sex
1538 1382 1649 1414 Duces

290 1436 395 1477 passus
405 1444 508 1467 tamen
522 1435 565 1467 est
576 1436 689 1467 tacitus
701 1436 732 1467 δε
743 1437 930 1469 lubens?—
940 1437 1000 1470 Sed
1013 1439 1048 1468 de
1059 1438 1113 1469 ista
1125 1447 1155 1468 re
1165 1436 1225 1476 jam
1237 1435 1309 1466 satis
1321 1434 1439 1466 dierum
1448 1433 1548 1474 supra.
1562 1435 1649 1466 Cum

288 1489 397 1526 Anyto
414 1487 505 1519 nobis
522 1497 570 1518 res
587 1487 649 1526 est,
673 1497 744 1518 cum
766 1488 875 1528 Anyto
891 1489 965 1526 illo,
983 1488 1036 1527 qui
1049 1487 1121 1519 falsa
1137 1485 1353 1520 accusatione,
1374 1484 1429 1515 sub
1443 1484 1541 1524 specie
1558 1493 1649 1517 tuen·

293 1540 350 1570 dae
369 1539 606 1577 Dementiae,
628 1538 697 1570 suas
709 1561 723 1578 ,
744 1548 821 1578 quas
839 1537 1049 1576 existimabat,
1072 1536 1201 1577 injurias
1216 1536 1301 1566 ultus
1314 1535 1372 1574 est,
1390 1536 1452 1567 suis
1468 1537 1520 1568 iris
1537 1544 1650 1568 contra·

294 1590 405 1620 Virum
421 1589 638 1620 sanetffimum
661 1591 747 1621 frena
764 1591 889 1621 laxavit.
935 1587 1085 1627 Insignem
1111 1598 1124 1619 e
1141 1589 1162 1619 P
1174 1594 1255 1618 LAT
1267 1594 1364 1616 Ole
1385 1587 1523 1619 Menone
1543 1589 1650 1620 locum

294 1641 351 1679 (in
372 1650 435 1680 quo
454 1641 590 1681 Dialogo
608 1650 669 1672 nna
684 1639 962 1679 interloquentium
980 1639 1108 1678 persona
1125 1638 1227 1669 noster
1240 1638 1282 1668 est
1298 1637 1474 1677 Anyms‚)
1491 1638 1586 1670 Tom.
1606 1639 1649 1671 Π.

291 1692 378 1732 Opp.
400 1702 471 1733 pag.
492 1703 543 1733 94.
569 1702 602 1723 E.
627 1691 765 1723 laudavit
781 1691 1084 1722 BaaTnEermws:
1109 1689 1249 1721 Eandem
1268 1690 1350 1721 illam
1370 1689 1542 1728 potentiam
1557 1713 1566 1726 ,
1586 1699 1649 1728 qua

289 1743 395 1784 postea
422 1744 451 1775 in
473 1746 643 1784 perniciem
661 1744 719 1775 viri
741 1743 854 1783 oprimi
877 1741 948 1772 usus
964 1741 1025 1779 est,
1051 1741 1091 1771 ibi
1105 1739 1219 1780 jactat,
1242 1741 1462 1780 minaturque,
1486 1741 1515 1772 se
1535 1741 1647 1780 (quod

292 1795 429 1827 Athenis
446 1796 509 1836 ipse
526 1797 626 1827 aiebat
641 1795 695 1827 sibi
708 1794 914 1830 facillimum)
927 1795 977 1825 illa
991 1792 1159 1830 aliquando
1172 1791 1318 1830 usurum,
1334 1800 1367 1823 ut
1378 1792 1538 1824 Socratem
1550 1794 1648 1825 ἀίξὶο-

294 1856 360 1879 rum
379 1848 564 1886 poeniteret.
611 1846 801 1885 Scriptorein
819 1855 896 1875 vero
912 1842 1137 1884 Anacharfilos
1153 1842 1235 1882 fugit
1247 1846 1342 1875 altera
1360 1835 1520 1875 simultatis
1537 1844 1567 1875 ἃ
1584 1846 1648 1877 odii

293 1898 416 1937 causs'a,
436 1899 551 1939 quibus
561 1897 785 1937 Philosophum
799 1895 1039 1936 persequebatur
1051 1894 1215 1926 Coriarius
1227 1917 1238 1933 ,
1256 1895 1404 1927 Civitatis
1418 1897 1565 1936 princeps
1575 1908 1590 1934 3*
1604 1913 1648 1920 —-

290 1950 436 1992 spretus,
460 1961 519 1991 quo
534 1950 731 1981 Alcibiadem
748 1952 818 1981 olim
836 1949 1029 1989 deperierat,
1046 1957 1143 1978 amor.
1168 1963 1206 1969 —
1241 1945 1344 1978 Miror
1362 1947 1391 1977 id
1408 1949 1523 1979 nemini
1540 1959 1646 1980 eorum

296 2002 349 2041 qni
363 2002 400 2031 de
419 2000 512 2031 rehu-5
525 2000 697 2032 Socraticis
709 2000 895 2039 scripserunt
910 1999 1086 2038 (quantum
1105 1998 1233 2036 quidem·
1248 2002 1387 2029 noverim
1398 2021 1408 2036 ,
1419 1999 1434 2039 J
1447 1999 1535 2031 fuisse
1549 2000 1652 2031 obstr-

292 2060 412 2084 vatum.
449 2049 570 2081 Auctor
584 2052 675 2083 nobis
693 2051 735 2082 est
750 2051 801 2082 PL
813 2060 834 2081 u
846 2059 898 2081 TA
912 2060 929 2080 R
942 2059 960 2081 c
973 2059 1051 2081 nus
1072 2052 1105 2080 in
1131 2050 1209 2080 Vita·
1234 2050 1340 2082 Alcih.
1365 2050 1438 2082 Vol.
1461 2051 1499 2081 Π.
1526 2060 1597 2090 pag.
1616 2061 1648 2091 9.

297 2103 348 2133 ed.
369 2102 484 2141 Bryan.
512 2101 656 2140 (Turno.
681 2102 704 2132 1.
729 2112 801 2142 pag.
829 2111 898 2141 193.
924 2103 985 2141 D.)
1011 2111 1103 2141 quem
1121 2103 1225 2132 locum
1252 2100 1272 2130 sl
1300 2101 1370 2140 quis
1395 2103 1561 2133 contulerit
1578 2113 1653 2134 cnm

294 2155 356 2185 AT
368 2163 480 2185 HENA
495 2163 512 2183 E
525 2164 543 2184 ο
566 2154 640 2185 Lib.
661 2153 730 2184 ΧΠ.
757 2163 827 2193 pag.
846 2161 917 2190 524.
936 2162 969 2182 E.
994 2153 1031 2182 de
1047 2152 1174 2183 libidine
1194 2151 1328 2181 hominis
1349 2151 1525 2190 spurcissimi
1541 2154 1652 2185 foedo-

293 2213 352 2244 que
371 2214 473 2237 amore
489 2206 664 2245 locupletes
683 2204 809 2236 habebit
825 2203 915 2236 testes
927 2227 936 2244 ,
957 2211 1057 2243 neque
1073 2203 1250 2242 dubitabit,
1272 2204 1405 2235 eundem
1422 2203 1511 2237 fuisse
1525 2204 1649 2244 &Any-

1008 2254 1039 2285 Γ»
1066 2262 1085 2292 3⁴
1582 2264 1654 2287 tum·
