2137 2921
515 225 584 260 Ac
628 223 914 258 PROEDRIS
956 223 1429 259 ATHENIENSIUM.
1594 235 1653 268 ¹¹3

292 323 359 355 fieri
384 323 460 355 solet
482 323 512 354 in
538 322 632 354 rebus
665 321 832 361 humanis,
871 322 988 354 medias
1015 319 1190 362 praesertim
1219 321 1298 352 inter
1320 321 1430 352 turbas
1455 321 1648 361 populares)

290 374 363 415 ipsls
390 374 491 405 fraudi
517 372 578 404 fuit
605 373 634 404 &
661 373 805 404 interitus
833 373 958 405 cauffa:
989 373 1137 414 Quippe,
1168 380 1240 402 cum
1263 373 1335 411 pius
1363 373 1445 411 apud
1470 372 1554 404 cives
1576 372 1648 404 suos

293 423 540 464 praejudicatam
567 424 669 455 valere
693 424 873 463 opinionem
895 422 1058 461 viderent,
1091 421 1121 453 &
1149 430 1270 452 caecam
1296 422 1327 453 in
1349 423 1536 462 recipiendis
1557 423 1650 464 suspi-

294 474 442 506 cionibus
463 475 664 515 cupiditatem
676 498 686 512 ‚
710 473 924 505 Theramenes
939 483 974 505 ac
991 472 1209 513 Thrasybulus
1227 473 1320 511 (nam
1332 497 1342 513 ‚
1359 473 1576 513 Thrasybulus
1595 476 1650 514 qui

290 524 353 558 fuit
378 526 409 557 in
435 525 593 558 liberanda
612 536 629 557 a
651 525 812 565 Tyrannis
835 525 957 563 Patria,
981 523 1113 555 eundem
1138 523 1190 554 hic
1216 523 1444 564 demetamus,
1467 525 1568 557 virum
1586 526 1650 558 for·

291 583 355 608 tem
378 576 556 616 &justitiae
577 576 743 615 tenacem)
769 585 847 615 quae
863 575 919 606 fibi
937 575 1136 614 impendebat
1156 575 1294 613 procella
1315 575 1439 614 civim,
1463 576 1543 606 illam
1562 585 1577 607 a
1594 576 1652 608 suo

291 629 395 668 capite
423 628 454 660 in
480 630 574 661 vitam
597 629 628 661 &
651 628 794 659 fortunas
818 626 1136 659 innocentiffimorum
1158 624 1287 656 Ducum
1309 632 1486 657 averterunt
1508 636 1546 658 eo
1573 627 1652 659 saei-

291 679 375 717 lius,
399 680 486 718 quod
513 680 585 711 illos
614 679 756 710 Athenas
776 684 1030 726 praeverterant,
1053 675 1169 707 &tuta
1190 674 1308 714 semper
1321 676 1363 707 est
1379 676 1410 707 in
1429 676 1584 708 absentem
1608 685 1652 709 at-

289 738 354 769 que
380 729 573 761 indefensum
598 730 765 761 calumnia.
809 730 939 768 Itaque,
977 736 1072 767 quum
1096 725 1276 757 Erafiniden
1299 726 1366 757 aliis
1390 728 1522 764 primum
1547 728 1651 760 crimi-

292 779 388 811 nibus
407 780 622 812 Archedemus
644 782 682 812 ad
699 780 850 812 Heliastas
867 777 1045 817 dettiliffet‚
1069 786 1141 808 mox
1161 776 1341 807 Timocrate
1361 777 1502 817 suasore,
1525 778 1556 810 ἃ
1573 780 1652 810 clam

293 829 445 862 incitante
473 831 695 870 Theramene,
719 840 828 864 omnes
848 829 903 868 qui
929 829 1084 859 redierant
1109 827 1217 858 Duces
1247 827 1427 866 (redierant
1452 835 1554 859 autem
1576 828 1649 867 sex]

294 879 328 911 in
351 880 477 911 vincula
506 881 579 913 duci
600 882 733 913 Senatus
758 882 789 913 δε
811 880 849 911 ad
866 879 1023 919 Populum
1046 878 1159 910 deferri
1181 877 1283 918 jubet.
1335 877 1478 910 Vocatur
1502 879 1648 917 Concio';

292 929 441 962 accusant
472 930 686 962 Theramenes
709 931 823 970 aliique
848 931 1020 963 calumniae
1044 931 1225 970 consorte53
1260 929 1323 970 ipsa
1348 930 1400 961 illa
1417 928 1564 969 epistola,
1589 938 1651 971 qua

294 981 403 1013 Duces
429 981 659 1013 accusatoribus
683 982 745 1015 suis
772 992 900 1023 parcere
927 982 1114 1020 voluerant,
1145 981 1206 1022 jam
1231 981 1426 1021 probationis
1448 981 1521 1012 loco
1542 989 1654 1013 contra

291 1031 363 1064 illos
389 1032 529 1064 adfertur
553 1032 583 1064 in
608 1033 768 1065 medium:
792 1034 869 1065 Reis
890 1033 1015 1065 dicendi
1038 1042 1095 1072 pro
1113 1033 1163 1071 se,
1187 1042 1279 1072 quam
1296 1034 1362 1065 Lex
1384 1032 1495 1071 dabat,
1519 1041 1651 1073 negatur

293 1084 448 1115 facultas:
473 1083 586 1115 Paucis
610 1091 731 1114 tantum
763 1092 918 1123 exponere
936 1084 997 1116 inis
1015 1084 1170 1124 integrum
1188 1084 1249 1123 est,
1273 1093 1365 1124 quani
1384 1093 1492 1123 parum
1512 1092 1566 1116 aut
1581 1084 1650 1115 suae

296 1134 400 1166 fuiss'et
427 1133 588 1174 potestatis
609 1141 662 1164 aut
688 1133 735 1164 sui
757 1134 875 1166 arbitrii
898 1135 1066 1175 naufragos
1083 1135 1210 1175 toliere3
1234 1135 1254 1166 fi
1279 1135 1353 1174 quid
1373 1144 1559 1174 peccatum,
1584 1136 1651 1167 cui-

293 1195 365 1225 pam
393 1184 452 1216 efl'e
477 1185 758 1223 TriermcIrarum,
790 1185 996 1218 Theramenis
1023 1186 1199 1226 praesertim
1231 1195 1265 1216 ac
1292 1184 1501 1224 Thrasybuli5
1535 1187 1651 1226 quibus

293 1236 348 1267 ista
372 1244 446 1267 cura
470 1235 694 1266 servandorum
717 1242 771 1266 aut
797 1237 1058 1268 extrahendorum
1083 1245 1100 1267 e
1126 1235 1273 1267 ᾒωξὶίῐους
1299 1235 1414 1267 civium
1437 1235 1541 1269 fuisset
1564 1247 1650 1269 man-

293 1285 384 1317 data:
409 1286 471 1317 Sed
487 1296 576 1323 vero,
599 1285 720 1316 addunt
739 1286 798 1318 viri
822 1287 920 1318 fortes
947 1287 977 1318 δε
995 1288 1087 1327 justi,
1117 1297 1303 1328 quamquam
1326 1289 1377 1319 illi
1400 1298 1452 1320 ηας
1477 1288 1649 1327 accufiznt,

292 1346 345 1368 nos
371 1343 473 1367 tamen
500 1347 546 1367 eos
563 1347 622 1368 non
646 1338 929 1369 calumniahimur:
959 1338 1066 1368 Extra
1089 1339 1207 1377 culpam
1230 1338 1326 1377 sunt:
1358 1338 1466 1369 filaris
1486 1337 1645 1378 fhevitia,

296 1399 360 1430 qua
371 1388 488 1428 jubiani
497 1387 594 1427 sunt,
618 1389 712 1418 unica
733 1389 896 1420 omittendi
912 1388 1003 1429 officit*
1015 1387 1084 1428 fuit
1099 1387 1211 1428 cauffiz.
1257 1388 1366 1420 Testes
1383 1389 1427 1420 illi
1443 1389 1648 1429 producunt,

292 1440 418 1471 navium
444 1438 605 1477 magistros
631 1446 818 1479 nautasque.
860 1439 966 1479 Justus
993 1440 1198 1479 plerumque,
1227 1439 1282 1470 nifi
1308 1439 1346 1470 ab
1366 1439 1507 1471 hostibus
1529 1440 1650 1478 generis

291 1489 421 1521 humani
443 1489 670 1528 (Demagogos
692 1488 853 1528 dicimus)
891 1489 929 1520 ad
950 1499 1043 1521 omne
1068 1489 1155 1521 nefas
1181 1490 1383 1526 incendatur,
1406 1489 1547 1529 Populus
1571 1491 1652 1523 veri-

292 1541 368 1573 tatis
390 1539 475 1571 sensu
500 1539 633 1571 fleffitur
657 1541 688 1572 ἃ
710 1547 945 1572 commovetur:
976 1541 1085 1573 Plures
1110 1552 1125 1573 e
1146 1542 1288 1579 civibus,
1312 1541 1518 1572 remittendos
1532 1564 1544 1580 ,
1566 1543 1648 1574 datis

293 1591 484 1631 praedibus,
509 1600 580 1622 reos
609 1592 749 1623 censent:
782 1590 844 1622 Sed
863 1593 948 1623 nulla
974 1600 1038 1624 tam
1064 1592 1251 1633 detestabilis
1270 1593 1362 1633 pestis
1378 1591 1443 1631 est,
1466 1592 1568 1632 inquit
1588 1595 1652 1626 C1-

292 1651 431 1679 CERO,
454 1652 534 1681 [suae
554 1652 612 1672 non
636 1642 752 1673 homini
773 1641 813 1672 ab
841 1642 960 1674 homine
985 1642 1146 1682 nascatur.
1189 1643 1284 1683 Quod
1311 1644 1335 1675 fi
1359 1653 1494 1682 uuquam
1523 1653 1653 1683 verum,

296 1693 335 1723 de
360 1691 419 1730 iis,
445 1701 526 1731 quos
552 1693 647 1724 modo
674 1692 880 1730 dicebamus,
904 1693 998 1732 Reip.
1025 1693 1148 1725 facibus
1166 1693 1208 1724 est
1227 1695 1430 1726 veriffimum:
1455 1693 1538 1735 Quid
1555 1695 1651 1734 igitur

298 1744 365 1782 iiii,
388 1753 426 1774 ne
450 1743 503 1774 ista
524 1753 631 1774 eorum
655 1744 812 1775 accusatio
833 1742 875 1774 fic
893 1743 1015 1775 abiret?
1038 1745 1295 1785 Adresperafcit‚
1319 1744 1506 1776 inclamant:
1530 1746 1595 1777 Per
1607 1752 1653 1778 te-

292 1794 403 1825 nebras
427 1794 573 1834 fitblatae
600 1805 708 1825 manus
739 1796 873 1836 conspici
912 1806 949 1826 ac
974 1797 1134 1827 numerari
1157 1797 1226 1837 jam
1258 1802 1434 1835 nequeunt:
1474 1795 1585 1828 ConcIo
1615 1799 1649 1830 in

293 1845 391 1876 alium
415 1845 495 1876 diem
514 1845 716 1887 proroganda
730 1857 740 1876 .·
762 1847 893 1880 Interim
920 1848 1051 1879 Senatus
1071 1848 1210 1888 refirat,
1232 1857 1290 1887 quo
1315 1847 1366 1877 illi
1388 1846 1470 1878 modo
1493 1847 1545 1878 hoc
1567 1848 1652 1888 judi-

294 1897 375 1927 cium
401 1897 437 1928 de
458 1899 517 1928 reis
538 1896 710 1927 habendum
734 1896 889 1930 videatur.
948 1900 1072 1931 Placet:
1103 1898 1235 1930 Nullum
1260 1897 1340 1929 enim
1365 1897 1397 1928 in
1424 1897 1479 1929 ista
1502 1898 1651 1931 dilatione

295 1948 520 1987 praejudicium
545 1947 606 1986 (ut
625 1949 710 1980 credi
735 1949 882 1981 volebant
899 1949 1063 1990 suasores)
1086 1950 1145 1982 reis
1167 1948 1365 1980 damnosum:
1389 1948 1448 1988 Ipfi
1464 1949 1587 1982 interitu
1605 1951 1652 1981 in-

299 1997 392 2029 finas
418 1997 538 2030 struunt
563 1997 788 2031 &teterrimas
810 2000 960 2044 adhibent
979 2008 1080 2040 artes,
1113 2009 1149 2032 ut
1177 2000 1407 2032 multitudinem
1433 2008 1543 2032 contra
1562 2002 1654 2033 inno-

296 2048 486 2080 centiffimos
515 2049 622 2080 Duces
647 2051 832 2082 incendant:
864 2051 1011 2082 Incidunt
1034 2051 1204 2090 Apaturiag,
1233 2051 1263 2082 &
1288 2061 1346 2091 pro
1366 2052 1482 2083 laetitia
1504 2052 1651 2092 publica,

302 2111 361 2141 pro
387 2100 471 2132 ludis
497 2099 527 2130 &
552 2100 653 2140 joci5‚
684 2101 729 2133 isti
756 2103 930 2142 praesertim
960 2102 1049 2135 Festo
1078 2102 1161 2134 civili
1189 2103 1347 2142 propriiS,
1380 2103 1509 2142 (dolum
1539 2101 1579 2132 fic
1605 2102 1652 2133 in-

298 2153 435 2185 struente
461 2161 496 2183 ac
530 2152 704 2185 machinam
736 2162 807 2185 cum
833 2153 924 2186 sociis
948 2160 1076 2195 parante
1111 2152 1333 2192 Theramene)
1375 2155 1419 2186 nil
1455 2154 1508 2185 nifi
1538 2159 1652 2184 atratae

1051 2204 1073 2235 P
1096 2215 1114 2235 2
1548 2204 1652 2244 panim
