2137 2921
551 196 655 239 DE
709 195 1090 239 SOCRATE
1150 196 1353 238 CIVE.
1558 209 1611 246 29

291 315 477 357 videntia
505 293 693 357 maxime
716 315 1088 369 coniple&ebatur,
1129 316 1304 368 juvenes
1336 325 1474 368 erant,
1512 329 1614 370 qu01

291 414 379 443 rum
402 403 557 443 animus
574 402 684 443 fleffi
708 403 839 444 adhuc
856 403 1002 443 docilis
1027 403 1217 457 fingentis
1239 416 1401 445 manum
1417 404 1613 457 sequeba-

289 497 354 528 tur
391 490 429 529 &
463 489 513 530 ad
552 491 748 530 virtutem
782 487 989 529 informari
1029 490 1069 529 se
1103 489 1313 541 gaudebat.
1382 489 1576 543 Namque
1597 520 1613 541 ,

293 574 405 625 quod
433 586 530 615 vere
554 574 604 614 de
629 574 794 614 Socrate
822 575 977 626 judicat
1000 576 1386 626 PLUTARCHUS,
1418 576 1609 629 quodque

290 661 542 702 SENECAE
576 661 725 701 iterum
754 663 893 702 verbis
925 662 1129 714 explicare
1156 662 1256 702 mihi
1278 660 1337 703 fas
1358 662 1430 712 sit,
1464 664 1494 685 ‘⁶
1526 674 1612 703 non,

284 777 315 798 „
347 747 453 788 solus
476 748 509 787 is
532 749 652 801 Reip.
677 749 865 801 prodest,
895 749 964 800 qui
988 757 1128 788 tuetur
1148 761 1241 789 reos
1266 749 1303 789 &
1325 748 1375 788 de
1398 761 1501 800 pace
1520 750 1609 790 bel.-

284 835 470 886 „loque
505 835 670 885 censet,
715 835 786 876 sed
826 837 894 888 qui
937 836 1201 888 juventutem
1246 836 1508 886 exhortatur,
1539 836 1609 888 qui

284 950 317 972 „
349 921 504 971 docet,
535 922 634 973 quid
667 922 715 962 sit
736 922 909 974 justitia,
942 923 1040 975 quid
1065 923 1221 975 pietas,
1253 922 1352 975 quid
1384 924 1611 976 patientia,

282 1038 313 1059 „
344 1008 443 1060 quid
475 1007 675 1049 fortitudo
693 1040 705 1058 ,
737 1010 836 1061 quid
866 1011 1008 1050 mortis
1047 1019 1307 1060 contemtus,
1337 1010 1437 1061 quid
1460 1009 1610 1050 Numi·

287 1124 318 1145 „
349 1095 411 1134 nis
446 1094 703 1142 ixitelleetus,
737 1107 854 1144 quam
882 1096 1100 1146 gratuitum
1127 1097 1281 1135 bonum
1316 1096 1365 1136 fit
1397 1096 1609 1137 conscien-

281 1209 312 1230 ,‚
343 1180 411 1219 tia.
427 1179 538 1207 '’——
578 1178 633 1217 Et
654 1177 871 1230 profecto,
901 1191 1020 1232 quam
1040 1181 1174 1230 bene,
1197 1179 1271 1221 hac
1295 1181 1608 1222 adolescentum

281 1264 534 1306 institutione
561 1265 609 1305 ad
632 1277 798 1306 omnem
821 1266 1099 1318 praestantiam
1121 1268 1159 1308 &
1175 1267 1296 1307 animi
1315 1268 1462 1319 robur,
1477 1268 1527 1308 de
1540 1280 1608 1321 pa-

279 1353 354 1393 tria
382 1354 549 1392 meritus
580 1352 628 1392 sit
657 1353 958 1405 Philosophus,
990 1366 1113 1394 nemo
1142 1354 1201 1394 est
1225 1356 1294 1406 qui
1316 1356 1502 1408 ignoret,
1533 1367 1608 1396 ne-

278 1450 347 1480 mo
378 1439 446 1491 qui
478 1438 653 1490 nesciat,
686 1449 786 1491 quot
821 1441 859 1480 δε
897 1442 1035 1491 quanti
1067 1453 1119 1481 ex
1146 1442 1257 1481 illius
1280 1441 1492 1494 disciplina
1514 1454 1606 1494 pro-

277 1526 429 1568 dierint
457 1527 594 1577 cives,
636 1525 846 1576 doeh-ina,
885 1528 1131 1579 prudentia,
1174 1530 1407 1580 probitate,
1438 1528 1603 1569 fortitu-

276 1613 372 1653 dine
407 1613 604 1665 insignes,
649 1626 888 1665 quamquam
923 1615 1091 1655 fuerunt
1130 1616 1273 1664 ctiam,
1315 1617 1417 1666 qui,
1456 1616 1497 1654 in
1530 1615 1605 1655 suo

274 1698 440 1751 quidem
473 1698 631 1751 genere⁴
657 1701 789 1752 magni
819 1701 855 1740 δε
888 1703 1170 1751 excelientes,
1217 1702 1330 1741 vitiis
1365 1711 1501 1741 tamen
1534 1711 1605 1742 aut.

279 1784 528 1826 facinoribus
558 1784 697 1837 postea
729 1787 943 1827 evaserunt
973 1797 1136 1840 turpes,
1170 1788 1332 1839 quando
1366 1789 1412 1828 ab
1442 1789 1606 1840 optimo

280 1882 548 1924 praeceptore
580 1873 723 1925 ingrati
749 1873 1002 1915 desciverant
1015 1906 1031 1924 ,.
1061 1875 1367 1926 Theramenes,
1401 1887 1497 1915 eie.
1530 1875 1601 1914 Al-

284 1959 492 2008 cibiades,
526 1959 564 1999 ὃς
585 1960 769 1999 omnium
798 1962 980 2013 peffimus
1004 1962 1170 2003 Critias.

333 2043 486 2095 Neque
516 2046 682 2085 monitis
714 2058 867 2087 tantun]
898 2058 966 2088 aut
1002 2050 1234 2101 praeceptis
1269 2050 1451 2099 civitati,
1482 2049 1603 2100 J'uve«

275 2131 395 2172 nibus
417 2132 678 2184 praesertim,
708 2133 866 2185 profuit
899 2135 1120 2188 sapientiae
1147 2137 1181 2176 &
1204 2137 1366 2177 virtutis
1388 2135 1601 2189 magister,

972 2221 1013 2260 D
1048 2233 1074 2273 3
1531 2219 1606 2260 fiedi
