2137 2921
493 200 534 241 5⁸
809 194 1544 232 PnonA‘rtoNes

492 297 616 337 (quibus
638 300 787 327 mutatam
812 292 908 332 Reip.
934 290 1068 324 formam
1091 290 1200 324 debuit
1224 290 1346 324 Civitas
1368 292 1498 333 Attica,
1523 294 1553 326 &
1568 304 1639 328 cum
1659 303 1777 333 mutata
1795 303 1862 336 for-

500 350 552 381 ma
574 355 722 379 mutatam
747 354 876 384 quoque
901 344 1087 385 fortunam,
1111 342 1254 385 perditos
1279 353 1406 384 mores,
1430 344 1568 378 omissam
1591 347 1696 381 salutis
1714 352 1862 390 publicae

500 408 628 437 curam,
659 396 763 429 eversa
784 397 910 429 Patrum
930 395 1088 435 instituta,
1119 395 1251 436 spretam
1276 394 1436 436 Majorum
1460 397 1650 438 disciplinam
1665 423 1677 440 ,
1710 408 1805 441 atque
1824 413 1863 437 ex

497 452 642 484 libertate
665 449 791 481 modic-3.
819 450 952 489 primum
971 470 982 487 ,
1013 447 1220 478 immoderata
1245 446 1419 487 deinceps,
1448 457 1549 482 ortam
1580 453 1737 492 postremo
1768 454 1866 487 licen.

497 503 573 535 tiam
604 500 802 533 effraenatam
819 523 830 539 ,
862 510 878 532 e
903 499 1030 532 licentia
1053 498 1189 538 denique
1215 506 1402 540 prognatam
1428 499 1643 540 Tyrannidem
1661 505 1693 536 δι
1709 506 1867 538 universo.

497 562 567 586 rum
589 552 789 585 servitutem:
825 552 953 593 Quibus
977 548 1086 582 cauffis
1110 550 1217 590 plures
1243 551 1356 584 addere
1383 552 1568 592 potuissem,
1598 554 1736 587 secundo
1754 557 1865 590 ordine

499 604 702 637 collocandas
713 627 723 642 ‚
740 606 925 636 concionem
938 603 967 634 ἂ
978 601 1095 643 judicia
1110 601 1197 640 plebi
1210 602 1240 633 in
1258 602 1386 640 quaestu
1398 603 1496 643 posita
1508 614 1519 643 ς,
1532 605 1665 636 violatas
1679 629 1689 644 ,
1704 616 1777 638 mox
1788 617 1865 639 con-

499 656 662 688 suetudine
678 657 844 695 abrogatas
857 678 867 693 ‚
885 664 963 694 quas
981 660 1090 685 contra
1102 654 1242 685 novandi
1253 654 1413 686 libidinem
1424 655 1454 686 ὃς
1472 655 1726 696 Demagogorum
1741 657 1866 689 furores

501 709 615 740 tulerat
638 707 761 745 Solon,
791 707 876 746 leges
901 703 1141 743 saluberrimas;
1165 705 1336 744 neglectam
1361 706 1534 746 majoribus
1560 716 1635 739 natu
1658 709 1794 741 debitam
1817 718 1865 739 re-

499 759 671 792 verentiam
683 781 694 797 ‚
718 758 875 796 aliasque:
900 756 962 788 Sed
976 778 986 794 ,
1010 756 1098 794 quod
1116 755 1278 788 Orationis
1294 766 1379 788 meae
1396 758 1528 797 πάρεςγον
1545 757 1607 797 est,
1622 767 1771 799 tanquam
1787 759 1864 798 ἐ’ςγο,

498 821 563 844 non
590 817 655 842 erat
671 808 880 842 maritandum.
925 807 960 838 Id
978 806 1038 837 alio
1055 806 1188 838 fortaffis
1209 814 1371 847 tempore,
1396 809 1457 841 alio
1474 808 1603 840 forsitan
1623 818 1752 850 agemus
1770 811 1865 841 loco:

498 866 605 903 Nam,
629 871 727 903 quum
751 861 843 892 studii
866 859 895 891 &
925 867 1039 896 curae,
1063 867 1143 896 quae
1171 859 1408 898 cognoscendae
1435 860 1630 900 Antiquitati
1651 861 1866 901 impenditur,

502 916 590 948 hunc
615 914 735 953 semper
753 911 891 943 fruftum
912 909 1101 951 potiffimum
1125 908 1184 940 esse
1203 910 1430 950 judIcaverim‚
1453 919 1488 943 ut
1507 912 1744 952 praeteritarum
1763 922 1867 944 rerum

503 967 678 1003 memoria,
705 963 914 1003 experientiae
937 962 1006 993 vice
1031 960 1159 999 funeta,
1190 961 1292 992 nostra
1317 962 1354 993 de
1377 963 1472 994 rebus
1495 962 1712 1003 praesentibus
1734 962 1868 995 futuris-

503 1027 566 1058 que
591 1015 708 1056 judicia
734 1015 868 1046 certiora
893 1014 1004 1046 reddat
1027 1022 1063 1044 ac
1086 1013 1230 1051 veriora,
1260 1013 1486 1045 institutionem
1515 1023 1613 1045 meam
1640 1013 1671 1045 in
1694 1014 1868 1047 Academia

503 1070 623 1102 Batava
642 1069 685 1099 ita
701 1066 964 1103 informweram,
988 1071 1044 1101 ut,
1068 1063 1141 1094 dum
1158 1064 1293 1103 ingenua
1313 1065 1555 1097 adolescentium
1577 1066 1702 1105 pe6tora
1721 1066 1758 1096 ad
1779 1076 1868 1098 amo-

503 1129 569 1152 rem
587 1119 766 1150 Literarum
790 1116 985 1147 Graecarum
1010 1114 1233 1146 inflammarem
1246 1138 1257 1154 ‚
1281 1115 1352 1147 illos
1366 1139 1376 1155 ‚
1399 1117 1510 1156 (quod
1530 1117 1568 1147 ab
1591 1115 1736 1155 auspiciis
1756 1126 1868 1149 mune-

505 1171 550 1204 ris
572 1170 653 1208 mei,
683 1167 908 1209 plaudentibus
933 1166 1026 1198 bonis
1050 1166 1216 1200 omnibus,
1249 1167 1280 1198 in
1303 1177 1352 1199 me
1379 1166 1598 1207 susceperam)
1628 1183 1668 1192 ο-
1698 1168 1789 1206 illos,
1821 1168 1870 1200 in-

506 1230 625 1263 quam,
656 1218 816 1250 redderem
847 1227 907 1248 non
929 1224 1053 1248 tantum
1083 1218 1249 1257 dofflores,
1273 1218 1333 1259 sed
1355 1217 1399 1256 ἐξ
1422 1218 1582 1256 meliores,
1625 1218 1711 1250 Cives
1732 1219 1869 1252 Patriae

505 1273 715 1308 amantiores,
750 1269 911 1310 Majorum
934 1268 1068 1309 denique
1093 1269 1261 1310 nostrornm
1280 1269 1452 1310 fimillimos
1468 1278 1479 1299 .-
1513 1269 1621 1308 Atque
1641 1269 1741 1302 isthoc
1762 1271 1868 1304 animo

505 1334 586 1358 Res
609 1329 808 1355 A'r'rmAs
842 1318 1002 1358 discipulis
1026 1321 1104 1353 meis
1132 1322 1311 1352 accuratius
1345 1319 1467 1349 tradere
1498 1319 1733 1353 consueveram.
1794 1322 1869 1356 Hoc

503 1385 582 1409 vero
606 1373 733 1414 quando
756 1380 813 1411 per
834 1378 997 1410 tempora,
1023 1381 1102 1411 quae
1124 1373 1282 1410 vivimus,
1305 1370 1441 1410 amplius
1459 1370 1535 1401 mihi
1551 1380 1615 1402 non
1630 1372 1673 1403 est
1689 1373 1869 1415 integrum,

505 1426 674 1464 constitui,
698 1431 818 1465 partem
846 1422 923 1461 otii,
948 1431 1013 1462 quo
1036 1423 1068 1455 in
1089 1424 1249 1464 posterum
1274 1422 1383 1461 fruar,
1404 1422 1437 1453 in
1460 1431 1502 1453 eo
1518 1424 1694 1461 collocare,
1717 1431 1753 1456 ut
1770 1434 1869 1458 Lec-

505 1487 679 1514 τιοΝυΜ
709 1483 982 1507 ATTICARUM
1015 1474 1126 1506 Libris
1154 1475 1331 1512 nonnulla,
1370 1482 1449 1512 quae
1480 1473 1518 1504 de
1543 1473 1626 1514 Rep.
1658 1475 1868 1516 Atheniensi,

506 1533 569 1565 five
594 1530 632 1561 ad
655 1529 789 1561 formam
815 1525 911 1565 Reip.
938 1525 1070 1566 ejusque
1096 1525 1287 1557 mutationes
1304 1526 1579 1565 mutationumque
1598 1527 1715 1558 caussas
1731 1527 1870 1568 speetan-

506 1583 572 1620 tia,
594 1580 657 1612 sive
681 1578 720 1610 acl
744 1577 971 1617 Magistratus,
998 1576 1144 1618 judicia,
1168 1577 1198 1608 &
1226 1576 1432 1616 Tribunalia,
1456 1584 1510 1607 aut
1534 1585 1695 1616 perperam
1720 1579 1802 1611 tradi
1821 1580 1871 1612 so-

505 1637 594 1672 lent,
617 1638 673 1663 aut
697 1638 762 1660 non
788 1627 860 1660 satis
883 1627 953 1658 sunt
977 1629 1139 1660 enucleata
1156 1652 1166 1668 ,
1197 1629 1303 1669 aliqua
1327 1638 1398 1660 cum
1428 1628 1503 1659 cura
1528 1637 1694 1668 exponam.
1746 1628 1868 1669 Igitur,

505 1693 585 1727 quae
610 1682 649 1713 ad
673 1680 869 1721 probandam
895 1680 976 1711 hanc
1001 1679 1152 1712 sermonis
1179 1682 1240 1712 mei
1269 1688 1389 1720 partem
1415 1681 1506 1720 plura
1535 1681 1566 1711 in
1591 1679 1728 1711 medium
1753 1679 1870 1712 adferri

504 1736 648 1779 poss'ent,
671 1733 770 1764 sciens
794 1731 924 1762 omitto.
966 1731 1104 1763 Fundus
1125 1742 1234 1764 eorum
1260 1732 1302 1764 est
1321 1739 1388 1762 tum
1405 1732 1550 1771 egregius
1572 1731 1602 1763 ἅ
1620 1730 1761 1764 clafficus
1776 1733 1870 1764 locus

505 1789 816 1821 Akts'ro'risms
838 1782 935 1814 Polit.
958 1781 1034 1813 Lib.
1061 1783 1102 1815 ΙΙ.
1127 1784 1211 1825 Cap.
1240 1795 1288 1816 10.
1313 1791 1379 1815 tum
1403 1782 1595 1815 admirabilis
1617 1782 1669 1813 illa
1692 1782 1867 1815 Isocrat-

508 1848 576 1871 'rts
601 1834 733 1871 Oratio,
765 1843 845 1873 quae
873 1834 990 1865 dicitur
1016 1833 1267 1878 Areopagitica,
1298 1843 1365 1868 tota
1388 1834 1619 1875 propemodum
1644 1833 1866 1875 describenda,

506 1897 545 1923 ut
569 1887 690 1920 oculati
711 1885 796 1918 testis
812 1908 824 1925 ‚
859 1886 1064 1927 ejusdemque
1086 1886 1146 1918 viri
1161 1909 1172 1924 ,
1211 1886 1267 1926 qui
1288 1886 1471 1927 popularem
1494 1884 1592 1924 Reip.
1618 1884 1750 1916 formam
1774 1885 1866 1926 supra

502 1948 616 1973 ‘omnes
638 1938 714 1969 alias
738 1938 884 1969 laudibus
907 1937 997 1970 effert
1027 1937 1058 1969 &
1076 1936 1257 1976 praedicat,
1278 1952 1321 1960 -—
1352 1943 1388 1966 ut
1409 1935 1479 1967 talis
1500 1936 1561 1968 viri
1586 1936 1659 1977 ipsis
1682 1938 1787 1969 verbis
1813 1938 1868 1970 de-

506 1989 718 2026 monstretur,
743 1989 905 2028 quomodo
928 1989 1140 2026 ferocientes,
1169 1987 1240 2028 post
1261 1986 1400 2018 devietos
1421 1986 1551 2026 Persas,
1573 1988 1780 2020 Athenienses
1798 1991 1866 2022 lau-

508 2039 658 2073 datiffima
682 2039 810 2070 Solonis
827 2039 966 2071 instituta
982 2038 1237 2076 immutaverint,
1260 2047 1434 2078 omnesque
1451 2039 1626 2078 promiscue
1643 2040 1727 2072 cives
1744 2041 1782 2072 ad
1802 2041 1866 2073 sor·

507 2093 652 2126 titionem
677 2090 813 2122 summae
836 2091 868 2122 in
892 2091 976 2130 Rep.
1007 2088 1171 2129 diguitatis
1199 2087 1403 2128 admiserint,
1433 2089 1477 2120 ita
1504 2097 1539 2121 ut
1565 2091 1782 2130 pauperrimus
1800 2094 1871 2135 J'am

508 2146 645 2187 quisque
665 2152 687 2175 ‘e
714 2141 843 2183 publica
867 2143 1003 2182 pecunia
1028 2150 1092 2174 rem
1117 2138 1271 2180 privatam
1298 2139 1448 2174 stabiliret
1477 2148 1695 2185 augeretque,
1727 2143 1758 2177 δι
1781 2145 1862 2176 civi-

1814 2201 1866 2227 ta·
