2137 2921
559 195 663 240 DE
724 193 1101 238 socaATE
1157 191 1369 234 CIVE.
1576 207 1629 247 :23

307 330 466 369 crates,
507 326 553 357 ut
590 318 696 357 inter
727 315 829 356 diras
870 315 947 354 luis
989 313 1134 367 strages
1169 311 1206 352 &
1238 312 1481 353 cadaverum
1511 326 1622 354 acer-

305 420 382 450 vos
414 406 525 447 sanus
559 403 794 445 remanserit
824 415 867 443 ac
892 401 1022 442 salvus
1039 431 1051 451 ,
1084 402 1136 441 sic
1162 400 1199 439 &
1222 399 1393 449 eadem,
1423 408 1468 439 ut
1488 400 1542 441 ita
1563 400 1622 441 di-

304 507 416 543 cam,
448 493 596 532 mentis
626 491 841 531 sobrietate
871 487 1020 528 faustum
1051 486 1195 535 fuisse,
1237 495 1310 534 ut,
1351 485 1446 525 dum
1477 488 1623 539 reliqui

300 584 415 623 cives
446 581 669 620 animorum
696 577 788 615 tabe
817 575 853 613 &
890 572 1119 625 pestilentia
1152 572 1401 622 afflarentur,
1432 573 1539 612 solus
1573 574 1625 613 ab

304 668 377 707 isto
414 676 578 705 veneno
612 674 735 714 purus
758 660 1082 713 perseveraverit
1105 659 1140 698 &
1168 657 1353 698 intacitus.

357 753 413 793 Et
446 753 620 805 primum
650 749 815 801 quidem
839 746 1001 787 necesse
1025 745 1104 795 est,
1135 755 1207 796 ut,
1238 746 1308 797 qui
1335 743 1533 798 generos-<i
1562 745 1624 784 in·

303 840 397 880 dole
415 839 462 879 sit
481 847 622 887 natus,
655 836 893 876 servitutem
912 834 1082 883 finibus,
1113 841 1284 885 prop-ter
1299 843 1399 883 quos
1422 831 1622 871 summum

300 925 472 966 Numen
509 936 636 978 genus
673 923 894 963 humanum
920 920 1180 970 condiderit,
1210 918 1416 960 adversam
1439 917 1620 969 judicet:

305 1011 487 1054 Neceffe
521 1011 624 1052 adeo
658 1009 738 1060 est,
769 1019 814 1049 ut
848 1009 959 1049 idem
990 1007 1133 1048 statum
1165 1007 1343 1047 civitatis
1378 1007 1618 1058 popularem

304 1101 434 1140 cuivis
458 1100 525 1139 alii
546 1097 701 1138 formae
723 1097 929 1148 regiminis
951 1092 1175 1146 praeferat,
1209 1094 1246 1133 &
1267 1103 1348 1134 tam
1371 1092 1622 1132 eonsumma-

299 1196 385 1226 tum
411 1185 540 1231 velit,
571 1190 763 1232 quantum
796 1180 960 1230 quidem
991 1179 1033 1217 id
1060 1191 1134 1229 per
1163 1179 1340 1217 rationes
1362 1177 1448 1216 fieri
1468 1177 1613 1228 polilt,

298 1281 399 1323 quae
422 1270 464 1309 in
483 1267 674 1322 regundis
699 1264 1016 1317 Rebuspublicis
1042 1262 1296 1315 speetantur,
1328 1273 1514 1314 quae-que
1538 1274 1617 1313 pro

296 1357 460 1409 ingenio
482 1356 755 1408 populorum,
787 1352 999 1404 regionum
1024 1350 1177 1402 spatio,
1208 1350 1441 1391 divitiarum
1463 1348 1615 1399 modo,

297 1444 571 1493 similibusque
604 1441 737 1481 caussis
767 1440 899 1480 variae
931 1437 1022 1477 sunt
1046 1437 1081 1476 δε
1102 1435 1308 1476 diversae:
1342 1434 1524 1476 Necesse
1549 1437 1610 1475 in·

299 1531 439 1583 primis
469 1527 553 1578 est,
592 1536 638 1568 ut
667 1527 730 1567 vir
760 1526 917 1579 sapiens
952 1524 989 1563 &
1017 1525 1177 1573 bonus,
1211 1523 1278 1574 qui
1304 1523 1473 1564 Patriam
1496 1523 1615 1575 regio

303 1616 477 1668 imperio
510 1624 576 1656 aut
600 1613 835 1667 potentium
863 1611 1141 1652 dominatione
1164 1610 1331 1650 liberam
1355 1621 1376 1648 a
1396 1608 1613 1659 majoribus

305 1702 537 1754 acceperit,
571 1711 660 1757 eam
687 1700 946 1746 libertatem,
990 1709 1067 1747 qua
1095 1697 1210 1747 poffit
1241 1696 1389 1746 opera,
1422 1706 1513 1732 cum
1539 1707 1611 1746 pe—

298 1788 429 1827 riculo
455 1787 575 1826 etiam
599 1785 693 1835 suo,
725 1783 968 1832 conservet,
998 1782 1190 1831 stabiliat,
1223 1789 1394 1820 tueatur.
1423 1799 1498 1809 ---
1526 1780 1608 1821 Ta-

299 1875 348 1914 lis
382 1873 461 1913 fuit
491 1874 674 1913 Socrates
696 1901 708 1921 ‚
753 1883 873 1923 quem
911 1869 1020 1921 quod
1050 1867 1148 1908 forti
1179 1868 1214 1907 δε
1245 1866 1440 1907 constanti
1474 1867 1611 1908 animo

295 1960 419 2011 effet,
457 1969 676 2013 propterea
706 1958 741 1998 &
767 1957 936 1998 forma-m
968 1957 1145 1997 civitatis
1179 1956 1346 1994 liberam
1371 1952 1513 1994 amasse
1544 1967 1608 1997 re:-

293 2046 374 2087 fert
400 2058 667 2087 DIOGENES
693 2057 986 2093 LAERTHJS,
1026 2045 1086 2083 uti
1124 2053 1452 2090 XENOPHON,
1497 2041 1610 2093 quod

295 2134 555 2186 humanitatis
577 2133 725 2185 plenus
750 2131 879 2183 esset,
906 2131 1000 2173 ideo
1024 2130 1058 2171 δε
1081 2131 1319 2184 popularem
1345 2127 1462 2168 fuisse
1488 2127 1606 2170 testa-

1513 2223 1605 2253 tur:
