2137 2921
551 214 615 264 αδ
898 206 1551 257 ORATIO

555 339 650 381 niae
686 333 822 385 filius,
853 329 955 387 quid
985 330 1168 385 Populus
1197 328 1498 372 Atheniensis?
1527 327 1705 371 Audires
1727 331 1895 384 applau-

557 425 703 465 dentes
723 421 924 474 J'uvenes3
955 417 1237 472 provectiores
1274 418 1419 458 eadem
1455 417 1525 470 spe
1556 418 1710 467 elatos3
1741 419 1889 470 senes,

560 511 632 553 sed
666 512 709 551 in
732 509 817 563 ipsa
847 507 1055 549 seneclute
1080 507 1171 559 plus
1201 506 1324 547 etiam
1349 505 1594 556 delirantes,
1628 506 1725 546 dum
1746 507 1814 546 hic
1836 515 1896 547 at·

560 611 640 652 que
681 599 767 638 illic
800 595 921 637 otios1
957 594 1187 635 adsiderent
1218 595 1262 634 in
1291 593 1525 646 palaestris,
1565 592 1730 644 stadiis,
1772 602 1897 646 atque

561 686 726 727 circulis
741 714 754 734 ,
787 684 886 723 mira
914 690 1119 724 narrantes
1140 680 1191 720 de
1214 679 1285 719 ista
1309 678 1438 719 insulzi
1459 681 1498 720 δι
1518 678 1690 720 infinitis
1714 690 1901 720 commo·

564 774 653 824 dis,
696 784 797 825 quae
834 771 970 812 animo
1002 769 1098 810 inde
1128 768 1210 820 jam
1237 768 1571 821 praecipiebant,
1603 768 1704 820 quin
1727 766 1902 808 formam

565 862 728 904 Siciliae
742 890 754 910 ,
785 859 986 911 situmque
1002 855 1165 898 Africae
1189 856 1228 896 &
1248 854 1473 896 domandae
1490 854 1771 907 Carthaginis,
1796 864 1900 906 quae

562 960 769 1001 nunquam
791 956 954 997 tamen,
984 957 1037 986 ne
1066 945 1110 985 in
1133 944 1269 985 tabula
1292 943 1489 997 quidem,
1520 942 1654 983 oculis
1686 941 1905 994 usurpave-

567 1045 683 1084 rant,
714 1036 864 1076 baculo
886 1035 928 1073 in
952 1033 1070 1074 arena
1097 1031 1394 1072 describentes.
1455 1030 1571 1084 Quid
1588 1041 1692 1071 vero
1713 1029 1905 1070 Socrates

567 1124 676 1165 inter
693 1122 795 1163 haec
818 1118 1057 1171 desipientis
1078 1117 1225 1169 populi
1247 1115 1432 1156 somnia?
1464 1114 1658 1164 Niciam,
1678 1116 1813 1156 virum
1830 1114 1907 1155 mi·

566 1210 674 1252 litari
708 1209 748 1249 &
768 1206 884 1248 civili
908 1201 1124 1257 prudentia
1148 1201 1415 1255 conspicuum
1429 1231 1443 1251 ,
1475 1202 1518 1241 in
1540 1200 1802 1242 diffuadendzi
1821 1199 1909 1242 Ex-

567 1296 785 1353 peditione
810 1289 1019 1334 temeraria
1039 1302 1169 1342 aeque
1192 1290 1230 1330 &
1255 1288 1487 1343 periculosa
1509 1287 1629 1330 fuiffe
1651 1288 1908 1330 constantem

571 1386 612 1427 &
640 1395 799 1434 acrem,
841 1391 966 1421 nemo
989 1379 1183 1419 miretur:
1229 1379 1286 1418 At
1310 1376 1410 1428 quid
1435 1375 1571 1417 noster
1597 1374 1909 1427 Philosophus?

574 1471 691 1528 Quid
720 1471 817 1516 ille,
850 1467 1025 1521 rogatis,
1055 1462 1413 1506 Aunrronzs?
1444 1461 1554 1503 Usus
1583 1461 1641 1502 est
1664 1458 1781 1501 solita
1802 1460 1909 1501 divi-

573 1560 740 1604 natione
772 1554 866 1605 sua,
898 1553 940 1594 id
971 1553 1054 1604 est,
1085 1550 1279 1605 sapientis
1310 1550 1432 1589 animi
1463 1548 1650 1599 solertia,
1683 1547 1908 1601 praedixit·

575 1658 655 1702 que
678 1641 999 1685 Atheniensibus
1016 1671 1028 1690 ,
1061 1640 1167 1681 nihil
1191 1638 1318 1687 boni,
1338 1637 1443 1677 nihil
1464 1635 1655 1676 fruetuofi
1681 1634 1731 1676 ad
1757 1636 1908 1686 Remp.

575 1748 629 1776 ex
656 1731 919 1784 navigatione
947 1729 989 1767 in
1011 1727 1191 1767 Siciliam
1213 1734 1525 1778 perventurum.
1587 1722 1653 1763 Sic
1689 1723 1801 1770 enim
1822 1721 1912 1762 sen·

577 1822 707 1863 tiebat
721 1849 733 1868 ,
764 1817 866 1858 belli
886 1815 1022 1869 injusti
1043 1813 1200 1857 frqus
1222 1825 1306 1853 non
1329 1812 1403 1852 nisi
1426 1812 1596 1852 acerbos
1617 1809 1653 1848 &
1675 1807 1915 1850 mortiferos

578 1908 659 1951 effe
680 1904 808 1959 poffe.
867 1903 1003 1957 Ergo,
1035 1911 1231 1954 quantum
1252 1900 1417 1952 potuit,
1447 1898 1522 1938 hac
1544 1908 1710 1950 quoque
1724 1897 1767 1936 in
1780 1893 1911 1937 cauffii

576 1996 738 2038 civibus
785 1990 1018 2032 adversatus
1073 1988 1156 2039 est,
1198 1987 1381 2039 quamvis
1418 1985 1461 2025 id
1493 1983 1742 2025 moderatius
1784 1981 1920 2036 egerit

581 2094 700 2138 quam
743 2078 1037 2121 celeberrimus
1078 2075 1345 2117 Astronomus
1390 2072 1547 2112 Meton
1565 2102 1579 2124 ,
1628 2081 1764 2124 neque
1815 2080 1911 2124 pro-

582 2181 726 2228 pterea
747 2168 883 2210 facem
915 2165 1006 2207 suae
1034 2163 1119 2218 ipse
1142 2162 1282 2205 domui
1304 2160 1541 2213 subJecerit.

1828 2240 1913 2284 Ni·
