2137 2921
480 216 522 252 74
796 198 1522 239 PRossA‘rroNEs

489 303 637 346 consensu
662 301 705 342 &³
735 300 890 332 utilitatis
914 298 1123 330 communione
1140 295 1278 336 sociata.
1300 309 1341 319 -
1361 295 1508 336 Idcirco,
1532 301 1568 328 ut
1592 296 1702 337 paucis
1720 302 1854 344 cuneta,

495 368 576 399 quae
596 353 828 396 disputavimus
850 348 987 390 ipsisque
1004 348 1155 380 Veterum
1173 348 1253 379 locis
1271 347 1500 388 probavimus,
1523 349 1792 392 complecita1nur3
1816 370 1857 382 ...

492 409 619 450 quando
643 404 765 438 constat
793 399 980 440 ios-angium
1003 398 1088 441 apud
1108 398 1180 432 illos
1203 407 1368 438 nunquam
1395 399 1452 432 nist
1477 401 1515 433 ad
1535 400 1658 433 laudem
1684 404 1857 445 appellari3

486 468 648 499 nunquam
663 456 786 498 formae
805 453 957 496 populari
977 449 1122 490 opponi,
1150 448 1202 480 sed
1224 451 1403 491 hay-exiam
1437 462 1601 493 nunquam
1628 453 1735 485 haberi
1756 455 1860 488 iuimi-

490 521 558 545 cam
576 506 749 542 Libertatis
767 506 934 546 publicae,
960 502 1056 533 immo
1085 501 1183 541 magis
1207 502 1275 542 ejus
1302 502 1583 542 conservatricem,
1606 504 1805 544 Oligarchiae
1829 508 1861 540 δε

489 560 710 596 Democratiae
728 556 964 590 saluberrimum
989 561 1291 594 temperamentum,
1315 563 1350 586 ac
1370 563 1481 588 contra
1496 556 1665 588 discordias
1683 558 1856 598 turbasque

491 614 600 646 civiles
622 609 823 643 firmissimum
850 605 1057 648 praefid1um3
1082 623 1144 629 —
1170 606 1298 645 quando
1326 615 1422 645 porro
1446 606 1633 638 Aristoteles
1655 613 1748 646 atque
1764 607 1862 649 Poly-

490 664 585 703 bitis,
609 658 798 702 quamquam
823 659 916 699 primi
939 658 977 688 de
999 657 1052 688 illd.
1073 664 1204 697 egerunt
1223 663 1258 687 ut
1274 658 1338 688 unfi
1358 657 1395 688 de
1411 657 1512 689 tribus
1531 657 1644 689 formis
1661 659 1864 701 praecipuis,

492 723 560 746 eam
582 721 685 745 tamen
709 712 843 753 speciem
872 712 1019 742 dixerunt
1040 709 1272 749 Reipublicae,
1295 709 1327 739 in
1346 715 1406 746 qua
1425 707 1564 739 Virtutis
1588 719 1663 749 prae
1685 711 1753 743 aliis
1769 713 1863 745 habe.

494 774 547 798 tur
567 766 670 804 ratio,
691 781 734 790 —
756 762 883 803 quando
908 761 1044 801 denique
1068 761 1106 792 ab
1128 760 1182 792 istst
1203 759 1354 792 sententia
1373 759 1491 798 istzique
1514 760 1698 793 definitione
1717 773 1782 795 non
1797 765 1863 797 dis-

493 818 649 851 cesserunt
676 815 837 853 Grotius,
868 813 1086 853 Conringius‚
1116 811 1281 851 Hornius,
1311 812 1483 852 Huberus,
1513 813 1646 852 reliqui,
1677 814 1732 852 qui
1753 815 1791 847 de
1811 817 1865 849 Re

494 871 593 904 Civili
620 867 833 908 scripserunt3
866 865 943 904 quin
969 863 1033 904 ipse
1055 863 1337 902 Montesquieuius
1363 864 1495 896 Ciwtati
1510 886 1522 902 ,
1544 864 1576 895 in
1601 866 1664 904 qua
1689 866 1865 906 Optimates

493 931 598 955 rerum
622 921 759 952 summae
782 917 947 959 praesunt,
988 925 1005 946 a
1040 915 1169 947 Virtute
1199 913 1281 946 vines
1313 915 1461 946 motrices
1492 914 1655 947 conciliari
1690 916 1864 960 docuerit,

493 975 580 1007 haud
608 972 713 1006 minus
739 979 832 1009 quam
855 969 975 1000 formae
1001 966 1169 1008 populari3
1192 982 1233 990 —-
1268 965 1365 1004 quid,
1391 973 1463 995 cum
1487 964 1565 996 haec
1594 966 1700 997 omnia
1717 967 1760 999 ita
1782 968 1863 1010 sint,

494 1026 533 1057 de
560 1024 617 1057 isto
642 1023 699 1055 usu
729 1031 765 1053 ac
785 1020 1031 1058 consuetudine,
1052 1026 1132 1058 pene
1156 1016 1356 1056 scripseram,
1378 1015 1525 1056 vulgari,
1548 1015 1605 1047 nist
1623 1017 1660 1049 ab
1681 1020 1749 1051 aliis
1769 1020 1865 1052 etiam

491 1084 586 1116 quam
610 1084 629 1106 a
652 1075 751 1114 vulgo
770 1071 875 1112 paffim
894 1071 1076 1108 audiretur,
1100 1084 1140 1094 -
1162 1068 1238 1107 quid
1258 1067 1295 1097 de
1310 1065 1364 1097 istri
1382 1065 1478 1104 igitur
1493 1065 1744 1109 consuetudine,
1768 1080 1865 1110 quam

494 1126 702 1163 dicebamus,
731 1123 854 1156 nostrae
880 1121 1013 1152 maxime
1035 1119 1166 1157 aetatis,
1189 1117 1320 1158 ejusque
1344 1116 1396 1155 vi,
1421 1116 1609 1149 censendum
1626 1116 1687 1159 fit,
1707 1119 1865 1160 ,iudicium

496 1177 561 1211 esto
583 1193 626 1202 —-
646 1185 744 1217 penes
765 1183 858 1215 quem
877 1172 998 1205 hodie?
1020 1188 1064 1195 —
1084 1178 1183 1212 penes
1205 1177 1338 1209 aequam
1351 1166 1582 1201 Foster-itatem.

533 1279 613 1319 Pag.
636 1285 691 1309 21.
734 1275 792 1308 Ex
811 1273 912 1308 eodem
938 1273 1186 1311 IsockA'rE,
1208 1281 1247 1302 ex
1269 1268 1501 1307 PLATONE,
1524 1268 1568 1308 &2
1591 1269 1705 1311 (quem
1721 1274 1863 1312 primum

494 1330 626 1364 laudare
646 1327 839 1366 debueram)
861 1336 901 1357 ex
923 1325 1216 1357 Atusrorme
1229 1344 1241 1361 ,
1262 1333 1282 1353 a
1298 1322 1405 1362 quovis
1427 1319 1555 1359 vestrmn
1571 1320 1674 1361 facile
1681 1325 1869 1364 petentum]

496 1381 584 1414 Male
609 1379 733 1412 sedulae
758 1377 940 1417 diligentiae
964 1375 1047 1408 foret
1079 1372 1205 1411 omnia,
1227 1380 1307 1410 quae
1324 1371 1387 1402 huc
1411 1371 1554 1410 faciant,
1581 1372 1653 1403 loca
1671 1373 1867 1415 describere,

495 1431 675 1466 Aristotelis
704 1429 906 1470 praesertim,
939 1438 995 1469 per
1018 1424 1198 1458 universum
1220 1423 1423 1455 Politicorum
1446 1431 1529 1462 opus
1544 1445 1555 1462 ,
1591 1422 1744 1464 dispersu
1767 1435 1871 1468 quae,

499 1493 594 1525 quam
618 1482 717 1514 multa
738 1480 854 1518 etiam,
876 1480 950 1511 talia
974 1479 1045 1510 sunt
1063 1483 1166 1508 tamen
1181 1495 1193 1512 ‚
1216 1480 1251 1504 ut
1270 1473 1455 1505 defiderium
1473 1482 1538 1505 non
1559 1473 1769 1518 restinguant,
1792 1480 1870 1518 quin

497 1536 606 1577 potius
630 1533 768 1566 excitent
790 1531 821 1563 δι
838 1531 1031 1563 inflamment
1051 1526 1167 1569 egregii
1185 1525 1290 1565 operis
1309 1524 1365 1557 όὲὶ
1384 1528 1428 1556 τῆς
1444 1524 1580 1558 Ἀθηναίων
1597 1528 1755 1566 πολιτείοις,
1781 1529 1869 1568 quod

498 1587 521 1620 ft
545 1595 619 1628 prae
643 1582 867 1624 liffetaphyst'cis
887 1581 998 1613 summi
1021 1577 1205 1617 Philosophi
1227 1577 1334 1609 Libris
1359 1576 1574 1617 similibusque
1595 1576 1758 1617 servasset,
1780 1578 1870 1610 Lite-

505 1639 549 1670 ris
573 1635 691 1668 Atticis
718 1635 882 1666 inimicum
909 1632 1023 1670 nimis,
1055 1631 1179 1670 fatum,
1210 1631 1306 1671 opera
1338 1629 1533 1670 supersedere
1565 1629 1791 1670 potuissemus,
1816 1630 1872 1669 qui

500 1698 587 1722 nuuc
625 1687 663 1718 de
682 1686 777 1717 rebus
798 1683 1036 1715 Atheniensium
1063 1683 1248 1720 scribimuS,
1279 1680 1460 1721 conjectura
1484 1680 1670 1719 plerumque
1687 1680 1793 1721 duffi,
1816 1682 1871 1713 ali-

507 1737 636 1780 quando
656 1736 748 1768 etiam
770 1736 801 1767 in
827 1735 968 1767 tenebris
987 1735 1075 1774 quod
1098 1743 1206 1765 verum
1232 1732 1275 1763 est
1301 1739 1499 1771 quaerentes.
1529 1748 1571 1756 —
1611 1731 1874 1773 limena-rs,

506 1801 571 1832 quo
598 1798 692 1821 nemo
716 1787 889 1819 Oratorum
917 1786 960 1818 est
982 1786 1019 1818 ad
1047 1783 1297 1826 cognoscendam
1322 1783 1491 1815 Historiam
1508 1782 1647 1814 Atticam
1670 1784 1800 1823 utilior,
1822 1785 1874 1816 vel

505 1848 604 1873 unum
631 1838 736 1869 adhuc
765 1837 872 1868 locum
900 1836 1003 1876 digito
1028 1837 1117 1868 velut
1139 1836 1309 1868 monstrare
1329 1835 1442 1874 liceat,
1471 1833 1526 1874 qui
1546 1833 1589 1865 est
1607 1833 1639 1864 in
1659 1834 1811 1867 Oratione
1833 1836 1873 1868 de

507 1893 588 1926 Pace
613 1890 706 1922 valde
728 1887 856 1928 i-nlignis
873 1887 969 1928 (pag.
989 1888 1163 1927 167—169.
1184 1887 1236 1918 ed.
1256 1886 1399 1926 Steph.)
1420 1885 1580 1917 AudazSter
1596 1884 1660 1916 illic
1675 1885 1770 1925 vitia,
1794 1896 1874 1926 quae

510 1941 641 1976 Civitati
658 1940 783 1972 Atticae
797 1938 903 1979 gravia
925 1938 1172 1978 incumbebant,
1192 1937 1424 1979 reprehendens
1436 1960 1447 1976 ,
1467 1939 1494 1955 ‘⁴
1506 1937 1577 1977 quis
1591 1936 1729 1976 (inquit)
1744 1946 1873 1978 peregre

509 2019 536 2035 „
559 1996 621 2026 huc
648 1991 839 2029 adveniens,
871 1989 901 2020 ἃ
924 1989 1027 2021 nostra
1053 1995 1190 2029 contage
1214 1989 1355 2021 nondum
1377 1996 1569 2028 corruptus,
1591 1986 1644 2019 sed
1665 1995 1814 2028 tanquam
1835 1999 1874 2023 ex

510 2071 536 2087 „
559 2043 729 2086 improviso
756 2042 858 2074 media
883 2042 964 2074 inter
988 2041 1092 2072 nostra
1110 2041 1237 2080 negotia
1262 2040 1409 2078 delatus,
1431 2055 1469 2065 -
1491 2040 1562 2079 quis
1584 2048 1647 2071 non
1666 2048 1756 2080 putet
1770 2041 1887 2074 furere·

508 2119 535 2139 9,
556 2105 616 2129 nos
640 2096 670 2127 ἐκ.
694 2095 847 2133 delirare,
879 2095 932 2134 qui
961 2093 1086 2132 quidem
1112 2091 1205 2131 gestis
1232 2101 1291 2124 nos
1314 2091 1472 2123 efferimus
1498 2091 1650 2132 majorum
1675 2093 1873 2134 nostrorum,

509 2172 538 2190 .„
559 2156 653 2189 atque
666 2155 704 2180 ex
722 2147 783 2180 illis
795 2169 806 2186 ,
826 2153 906 2186 quae
922 2144 996 2177 oliui
1012 2143 1029 2175 f
1029 2153 1100 2176 uere
1115 2143 1194 2175 facta
1206 2167 1220 2185 ,
1241 2143 1368 2176 laudem
1383 2141 1416 2175 δι
1430 2144 1736 2178 commendationem
1751 2146 1873 2178 nostrae

1767 2217 1795 2236 „
1816 2195 1874 2229 Ci-
