2137 2921
545 195 651 240 DE
709 194 1084 238 soCRATE
1141 195 1353 238 cIVE.
1591 209 1614 251 5

293 327 410 368 quam
442 317 509 367 qui
540 315 748 354 maritimis
776 314 1031 366 jauarentur.
1087 314 1205 354 Vixit
1231 314 1354 367 igitur
1385 313 1455 354 fibi
1477 343 1490 364 ‚
1528 312 1607 354 stu—

293 402 370 442 diis
405 401 483 442 suis
513 411 633 453 atque
668 402 804 441 amicis
829 432 842 452 ,
874 402 1012 454 quiete
1035 429 1048 450 ‚
1078 412 1202 452 pure,
1242 401 1416 441 suaviter
1442 414 1452 439 :
1493 399 1608 440 Mul-

294 496 358 526 tos
396 486 607 527 beneficiis
636 485 817 534 adfecit3
847 488 999 525 multos
1028 498 1094 534 re,
1125 498 1233 539 ope,
1266 486 1435 526 consilio
1467 484 1608 536 juvit;

294 584 428 624 neque
453 573 597 613 inutile
627 581 753 612 terrae
779 571 941 623 pondus
965 570 1118 611 exstitit
1140 601 1154 621 ‚
1194 571 1310 622 cujus
1334 572 1420 611 vita
1447 584 1492 611 ac
1526 583 1612 611 mo·

298 670 359 698 res
382 668 460 698 tam
493 658 562 697 diu
583 657 849 698 laudabuntur
872 687 884 706 ‚
928 669 1045 708 quam
1070 656 1235 696 florebit
1265 668 1348 697 non
1380 656 1614 695 intermori·

296 754 383 784 tura
415 743 623 784 Hortensii
644 775 656 794 ‚
704 744 865 794 Tullii,
917 743 1093 784 Caesaris
1117 773 1131 793 ‚
1173 743 1415 795 quibuscum
1450 741 1620 794 conjun-

297 830 456 871 c‘tissime
485 831 590 870 vixit
611 860 624 880 ,
666 829 784 871 fama.

350 917 390 958 Si
413 926 548 957 tamen
568 917 667 957 boni
686 916 800 958 Civis
819 917 952 956 officio
966 917 1111 956 melius
1129 917 1373 968 pleniusque
1397 916 1430 955 is
1452 914 1615 955 funfftus

296 1002 377 1044 esse
419 1003 663 1054 censeatur,
704 1004 808 1056 qui,
849 1015 943 1042 curn
990 1005 1265 1055 perturbatam
1310 1002 1429 1043 videt
1473 1002 1616 1042 civita-

296 1099 408 1140 tem,
451 1090 535 1130 sese
576 1091 768 1128 tumultui
798 1101 883 1128 non
911 1089 1133 1138 subtrahit,
1174 1102 1219 1129 ac
1247 1089 1392 1141 procul
1420 1101 1442 1128 a
1469 1087 1615 1128 misera

296 1176 427 1216 Patria
467 1176 508 1213 in
543 1174 784 1225 longinquas
827 1172 982 1212 secedit
1015 1181 1164 1220 terras,
1204 1182 1250 1211 ut
1280 1174 1615 1223 tranquillitatem

297 1261 616 1314 dignitatemque
650 1258 757 1298 suam
789 1257 949 1299 facilius
989 1266 1177 1308 tueatur,
1220 1256 1292 1297 sed
1324 1266 1487 1308 contra,
1517 1255 1617 1297 forti

298 1360 343 1388 ac
375 1346 570 1387 constanti
602 1346 736 1386 animo
753 1375 765 1395 ‚
796 1345 838 1385 id
856 1357 981 1385 unum
1003 1346 1108 1398 agit,
1139 1353 1185 1384 ut
1208 1345 1439 1385 exulantem
1463 1356 1485 1384 e
1509 1353 1617 1385 nata·

299 1436 327 1474 li
363 1433 450 1474 solo
480 1432 738 1474 concordiam
767 1433 958 1483 monitis,
990 1431 1247 1483 praeceptis,
1279 1432 1316 1471 δε
1339 1431 1530 1482 exemplo
1553 1441 1615 1470 re·

297 1529 448 1570 vocet,
478 1520 768 1571 Virtutemque
800 1518 978 1558 Civilem
1012 1530 1104 1557 cum
1138 1517 1223 1569 ipso
1258 1518 1367 1558 vitae
1402 1518 1617 1569 periculo,

296 1608 454 1667 medios
488 1609 593 1647 inter
623 1608 768 1659 populi
799 1605 981 1655 furores,
1010 1605 1241 1644 luculenter
1271 1603 1543 1652 demonstret;
1573 1625 1617 1634 —-

297 1695 326 1735 si
353 1694 526 1743 denique
556 1702 661 1732 aetas
692 1694 733 1732 in
762 1693 971 1743 publicum
993 1691 1253 1730 commodum
1281 1689 1475 1730 transafta
1496 1701 1610 1740 prae-

298 1780 371 1820 stat
409 1781 495 1819 otio
537 1779 713 1831 eleganti
757 1779 863 1818 inter
904 1775 1145 1816 domesticos
1179 1776 1380 1826 parietes3
1409 1796 1484 1803 ——-
1522 1784 1610 1815 tum

299 1876 412 1907 certe
434 1867 530 1906 Tito
552 1865 779 1916 Pomponio
798 1864 939 1903 Attico
965 1863 1037 1902 hac
1058 1862 1178 1902 etiam
1200 1862 1240 1901 in
1266 1871 1378 1912 parte
1400 1862 1519 1914 longe
1542 1875 1610 1902 an·

300 1952 559 2005 teponendus
588 1950 644 1991 est
675 1952 798 1999 alter,
828 1961 950 2000 quem
984 1949 1160 1987 Virtutis
1197 1947 1362 1999 quidem
1387 1960 1527 1988 comes
1551 1950 1609 1987 in-

304 2040 411 2080 vidia
443 2039 651 2079 calumniis
681 2036 843 2077 tandem
869 2035 1083 2087 oppressit,
1118 2034 1185 2074 sed
1207 2034 1297 2085 qui,
1331 2034 1426 2073 dum
1446 2036 1615 2074 merito-

302 2139 389 2168 xum
425 2126 466 2165 in
496 2125 620 2165 Cives
653 2132 772 2175 atque
804 2123 971 2164 Patriam
990 2122 1214 2173 praemium
1238 2121 1331 2160 tulit
1358 2121 1558 2170 cicutam,
1589 2133 1617 2160 a

991 2211 1082 2258 Ag
1537 2217 1612 2245 no·
